1804 2909
775 112 1044 155 -54-

202 218 233 259 1.
263 219 329 269 21,
368 221 421 262 10
461 219 572 273 (dum
608 218 760 262 Galbae
802 221 1018 262 auctoritas
1057 218 1203 271 fluxal,
1255 219 1408 263 Pisonis
1443 233 1523 262 naz«

202 284 445 335 maluisset),
483 285 524 324 in
552 286 769 326 enuntiatis
801 284 982 326 finalibus
1009 285 1058 325 H.
1087 284 1119 325 I.
1148 285 1213 334 85,
1249 286 1278 325 4
1313 285 1381 336 (ne
1407 296 1480 343 con

201 348 415 397 silentium,
457 360 508 389 ne
535 352 720 400 suspecta
747 349 929 401 libertas)
958 349 1006 390 cf.
1033 361 1071 400 p.
1090 349 1155 390 51.
1184 348 1252 389 IV.
1282 349 1355 401 18,
1376 348 1428 390 10
1454 341 1615 401 (utsuo

200 412 316 452 militi
354 424 494 452 recens
533 412 661 463 gloria
702 417 796 454 ante
839 414 984 463 oculos,
1028 417 1071 454 et
1111 413 1225 454 hoste
1252 435 1307 443 --
1332 411 1702 467 terrerentur).

200 476 443 516 omissiones
469 475 636 527 perfecti
663 480 705 517 et
741 475 1115 528 plusquamperfecti
1153 477 1194 517 in
1229 476 1405 517 historiis
1439 486 1533 517 ιιοιι
1545 489 1613 522 ex-
1638 511 1640 513 .

201 543 321 580 stant.
377 540 438 580 De
465 540 667 590 principiis
705 544 838 581 autem
875 541 1081 582 omittendi
1116 539 1220 580 infra
1258 539 1476 590 disputabo,
1512 552 1615 587 nunc
1646 551 1648 553 ’

201 604 337 644 statim
364 607 613 644 transeamus
641 604 691 644 ad
1646 604 1650 607 “

308 668 664 710 3.Annales.1n
701 670 910 710 annalibus
938 669 1062 719 enim,
1092 669 1132 709 in
1160 669 1299 709 ultimo
1327 669 1453 710 Taciti
1480 681 1613 720 opere,

203 732 307 784 quod
357 733 469 773 nobis
518 733 701 774 relictum
752 737 836 783 est,
890 745 983 774 usus
1030 733 1097 774 ille
1144 733 1349 774 omittendi
1401 733 1614 775 coniuncti—

202 810 307 847 vum,
336 798 446 838 cuius
473 798 515 838 in
542 798 741 849 prioribus
768 798 926 848 scriptis
963 798 1170 838 admodum
1197 809 1323 848 pauca
1350 797 1529 848 exempla
1555 798 1615 838 in-

141 906 144 908 ,
202 863 393 911 venimus,
422 862 540 913 plane
568 863 746 903 excultus
775 866 847 902 est.
906 863 1148 912 Quamquam
1185 861 1290 902 enim
1316 861 1355 901 in
1385 872 1433 901 eo
1460 872 1615 912 quoque

203 938 325 977 opere
352 927 567 977 positiones
595 926 827 978 praevalent
862 937 991 977 neque
1018 926 1211 977 principia
1246 925 1315 966 illa
1342 925 1548 967 omittendi
1573 928 1617 968 et

202 992 393 1042 ponendi,
436 1003 538 1042 quae
580 992 621 1031 in
654 991 865 1031 indicativo
893 995 936 1042 et
962 990 1153 1031 infinitivo
1182 990 1370 1041 explicui,
1415 991 1536 1031 etiam
1574 991 1616 1032 in
1698 990 1799 1040 ³2

203 1055 451 1096 coniunctivo
478 1055 633 1106 valent,
663 1059 795 1098 tamen
825 1057 1054 1097 omissiones
1080 1056 1261 1107 plurimis
1289 1055 1385 1096 locis
1411 1055 1615 1097 inveniun-
1728 1044 1743 1101 Ϊ,
1758 1095 1804 1118 33,

202 1124 281 1161 tur.
337 1121 478 1171 Itaque
507 1122 774 1162 coniunctivus
809 1122 1030 1172 praesentis
1068 1122 1108 1161 in
1144 1120 1350 1161 annalibus
1376 1120 1527 1170 positus
1554 1122 1617 1161 est
1711 1113 1804 1148 ‘³3³

202 1185 368 1226 XLVIII
382 1186 486 1234 locis,
515 1185 629 1226 deest
644 1186 685 1225 in
700 1186 833 1226 multis
848 1185 1222 1236 interrogationibus
1236 1184 1437 1225 indirectis
1453 1185 1480 1223 1.
1499 1185 1561 1234 11,
1576 1184 1614 1225 5.
1679 1208 1681 1210 ·
1711 1175 1804 1231 Ξ

202 1250 267 1298 35,
300 1251 334 1289 1.
363 1250 427 1289 VI.
456 1250 494 1298 8,
528 1250 588 1289 18.
617 1251 645 1290 1.
674 1251 739 1299 48,
773 1252 832 1291 13.
863 1251 942 1289 XII.
972 1251 1035 1299 35,
1065 1252 1102 1291 6.
1131 1250 1162 1289 I.
1191 1251 1255 1299 61,
1287 1250 1349 1299 15,
1379 1250 1441 1288 111.
1456 1250 1522 1298 45,
1553 1249 1615 1288 11.
1771 1241 1800 1267 ²³

203 1314 266 1352 VI.
299 1313 360 1362 14,
389 1314 427 1353 4.
456 1313 501 1352 11.
531 1313 595 1362 36,
628 1314 675 1353 11
720 1313 839 1364 (unde
881 1314 1051 1363 prospici
1088 1325 1202 1364 posse
1239 1325 1340 1364 quae
1368 1313 1507 1363 cuique
1534 1313 1618 1353 tam

203 1378 318 1428 longo
346 1377 535 1428 temporis
564 1378 690 1427 spatio
717 1389 849 1427 mens,
880 1378 1028 1427 domus,
1057 1376 1258 1430 fortunaI)
1287 1378 1331 1417 11.
1361 1378 1397 1427 9,
1427 1378 1452 1418 9
1495 1376 1615 1428 (unde

205 1454 255 1483 ea
282 1442 512 1483 deformitas
541 1442 657 1490 oris[
682 1442 918 1493 interrogat)
961 1442 1006 1481 11.
1036 1442 1100 1491 63,
1133 1443 1194 1491 ll,
1237 1443 1282 1482 11.
1313 1443 1375 1492 76,
1404 1443 1451 1491 3,
1494 1442 1617 1483 semel
1673 1459 1675 1461 v

203 1508 244 1547 in
271 1513 339 1547 en⁰
371 1507 539 1547 relativo
567 1507 614 1546 A.
643 1507 704 1545 lv.
733 1507 797 1555 40,
828 1507 854 1547 5
896 1506 1130 1556 (principum
1170 1507 1367 1547 diversum
1404 1518 1491 1547 esse
1532 1517 1616 1547 sor-
1689 1514 1749 1563 ζῑ,

204 1575 297 1620 tem,
327 1571 415 1622 quis
443 1571 655 1620 praecipua
681 1582 816 1611 rerum
844 1571 894 1611 ad
921 1570 1063 1610 famam
1084 1571 1297 1624 derigenda
1306 1576 1342 1621 [,
1370 1572 1459 1612 ideo
1479 1582 1522 1611 se
1539 1582 1617 1611 non
1682 1574 1753 1631 3'·

203 1634 295 1674 illuc
336 1634 548 1675 decurrere
561 1666 570 1684 ,
614 1635 718 1685 quod
758 1638 982 1685 promptum
1023 1635 1217 1686 rescriptu
1227 1634 1283 1688 [).
1340 1635 1617 1676 Coniunctivus
1685 1625 1741 1694 ⁴

204 1698 425 1750 imperfecti
453 1700 492 1739 in
520 1700 832 1749 interrogatione
860 1700 1052 1740 indirecta
1080 1700 1192 1740 deest
1228 1700 1254 1740 I.
1286 1700 1349 1749 11,
1378 1701 1415 1741 4.
1461 1699 1523 1749 16,
1555 1699 1616 1739 11.
1683 1705 1685 1707 ’

203 1765 265 1803 111.
295 1765 359 1813 11,
389 1765 425 1804 7.
454 1765 519 1813 40,
552 1765 613 1804 12.
641 1765 703 1806 Ν.
734 1765 797 1814 72,
826 1766 863 1805 4.
893 1765 953 1803 VI.
984 1765 1020 1813 3,
1050 1764 1087 1804 3.
1117 1765 1178 1803 VI.
1208 1765 1244 1813 7,
1277 1765 1338 1804 15.
1367 1764 1429 1804 XI.
1463 1764 1523 1813 15,
1554 1764 1616 1804 11.

204 1829 283 1867 ΧΠ.
313 1828 378 1878 36,
407 1830 433 1869 5
475 1828 580 1879 (quis
618 1829 683 1869 ille
721 1831 781 1869 tot
814 1839 887 1879 per
920 1839 1041 1868 annos
1079 1839 1173 1879 opes
1200 1831 1356 1869 nostras
1384 1827 1616 1880 sprevisset)
1668 1825 1701 1883 iffi*

205 1893 254 1933 de
296 1895 383 1944 quis
425 1895 492 1932 ille
521 1906 573 1931 z
602 1895 688 1943 quis
718 1895 785 1932 ille
815 1898 916 1932 esset
944 1895 1009 1943 qui
1051 1892 1097 1932 cf.
1141 1893 1332 1942 Draeger.
1375 1892 1471 1932 XIII.
1501 1892 1550 1942 6,
1578 1893 1629 1933 6.·
1679 1888 1690 1930 s?

205 1956 302 1994 XVI.
332 1957 396 2004 30,
431 1956 490 2005 10,
521 1957 560 1996 in
589 1963 656 1996 en⁰
688 1957 856 1996 relativo
885 1958 910 1995 I.
941 1957 1013 2006 40,
1044 1957 1070 1996 2
1113 1955 1176 2008 (eo
1217 1956 1257 1995 in
1299 1959 1408 1995 metu
1448 1967 1620 2006 arguere

205 2019 484 2059 Germanicum
512 2032 668 2070 omnes,
698 2021 801 2071 quod
829 2032 906 2060 non
934 2021 983 2060 ad
1011 2021 1254 2070 superiorem
1283 2020 1500 2061 exercitum
1526 2032 1617 2070 per-

204 2087 338 2133 geret,
383 2084 450 2124 ubi
488 2085 675 2136 obsequia
712 2088 753 2125 et
787 2088 923 2125 contra
951 2085 1111 2126 rebellis
1139 2084 1325 2124 auxilium
1334 2082 1376 2136 [)
1421 2085 1449 2123 I.
1478 2085 1550 2134 47,
1579 2085 1617 2126 7.

204 2148 249 2186 ll.
279 2148 344 2197 85,
376 2149 437 2190 12.
479 2150 539 2190 111.
570 2150 633 2200 47,
664 2151 698 2192 6.
729 2150 794 2199 40,
827 2151 887 2191 12.
917 2151 981 2199 39,
1011 2149 1047 2190 9.
1090 2151 1151 2189 IV.
1181 2149 1244 2198 24,
1273 2150 1311 2190 3.
1340 2149 1411 2198 43,
1442 2150 1463 2189 7
1520 2149 1617 2189 XIII.

206 2214 270 2262 55,
303 2215 364 2253 14.
394 2214 458 2264 31,
494 2215 563 2264 14,
606 2216 645 2255 in
688 2227 749 2255 en.
792 2215 1009 2255 modalibus
1038 2215 1064 2254 1.
1094 2215 1140 2262 2,
1170 2215 1193 2254 8
1238 2213 1378 2263 (ceteri
1418 2213 1617 2260 nobilium,

206 2280 354 2327 quanto
382 2278 469 2327 quis
507 2279 667 2319 servitio
696 2279 914 2329 promptior
922 2284 947 2326 Ῑ
972 2279 1110 2329 opibus
1146 2282 1188 2318 et
1215 2278 1427 2318 honoribus
1454 2279 1617 2319 extolle·

205 2341 363 2391 rentur)
406 2342 467 2380 1v.
498 2341 568 2390 37,
602 2344 663 2382 14.
706 2343 801 2383 xw.
833 2344 906 2392 41,
937 2346 973 2392 8,
1003 2345 1043 2383 in
1072 2349 1139 2383 en0
1174 2343 1380 2393 temporali
1408 2344 1468 2383 vl.
1499 2345 1564 2392 26,
1593 2344 1618 2384 8
1726 2343 1804 2421 >²⁴

208 2404 317 2454 (dum
344 2405 501 2455 integer
509 2410 534 2452 [
568 2406 660 2445 dum
688 2406 980 2456 intemptatus[
1013 2407 1221 2447 honestum
1262 2405 1377 2446 finem
1419 2407 1616 2457 voluisse),
1689 2412 1762 2456 ,ss‘
1776 2405 1804 2459 25

206 2469 247 2508 in
275 2469 426 2519 protasi
455 2468 514 2510 en*
557 2470 828 2510 condicionalis
856 2472 884 2511 1.
913 2472 978 2522 40,
1007 2472 1033 2510 4
1075 2471 1155 2522 (vel
1191 2471 1224 2511 si
1252 2470 1339 2511 vilis
1366 2472 1440 2521 ipsi
1469 2471 1573 2512 salus
1582 2474 1617 2521 [‚
1701 2483 1713 2518 ,χ
1780 2460 1804 2496 4³
