1804 2909
862 359 936 396 11.

191 463 269 509 DE
314 462 676 509 INDICATIVO
712 462 1043 509 TEMPORUM
1079 464 1598 511 PRAETERITORUM.

880 724 914 763 1.

560 807 616 839 De
638 814 713 837 usu
734 806 967 846 reliquorum
990 808 1227 847 scriptorum.

295 891 340 929 In
369 890 558 930 infinitivo
588 903 673 928 esse
700 894 741 929 et
764 892 803 929 in
826 890 959 930 formis
976 892 1196 940 praesentis
1213 892 1402 941 temporis
1418 892 1600 932 omitten·
1643 937 1648 942 ,
1679 879 1705 945 gf

188 956 247 994 (lis
275 967 352 995 non
381 955 505 995 solum
539 955 716 995 Tacitum
743 967 882 995 verum
919 956 1038 995 etiam
1074 956 1246 1006 reliquos
1283 957 1494 1006 scriptores
1521 956 1599 997 Ro-

188 1033 323 1061 manos
352 1021 457 1060 haud
487 1022 544 1060 ita
571 1033 683 1060 raros
712 1020 831 1060 luisse
870 1033 955 1059 cum
992 1032 1110 1069 supra
1146 1022 1484 1069 intellexissemus,
1523 1022 1602 1060 iam

187 1085 400 1125 formarum
428 1085 636 1134 praeteriti
664 1084 861 1134 frequenti
890 1085 1095 1124 omissione
1123 1085 1299 1124 Tacitum
1327 1085 1449 1125 multo
1478 1085 1602 1134 magis

188 1162 211 1189 a
248 1149 442 1199 prioribus
485 1150 740 1198 scriptoribus
779 1148 936 1189 differre
974 1149 1200 1188 videbimus.
1271 1150 1371 1188 Nam
1399 1152 1444 1189 ut
1471 1149 1601 1189 brevis

188 1214 280 1261 sim,
323 1213 465 1262 reliqui
507 1214 719 1262 scriptores
764 1214 926 1253 Romani
970 1213 1216 1252 omissionem
1258 1213 1446 1263 temporis
1487 1223 1601 1262 prae-

187 1278 297 1317 teriti
336 1290 372 1316 v.
414 1277 648 1317 substantivi
690 1290 894 1327 perraram
932 1278 1089 1327 habent,
1129 1279 1284 1318 Tacitus
1326 1278 1492 1317 maxime
1520 1276 1601 1317 fre-

187 1342 423 1391 quentemss)
494 1341 612 1380 Cuius
649 1343 709 1380 rei
747 1353 903 1381 causam
940 1354 1017 1381 non
1051 1345 1145 1391 puto
1182 1354 1252 1381 nos
1289 1341 1371 1381 falli
1407 1342 1440 1380 si
1476 1342 1517 1380 in
1554 1352 1603 1381 ea

186 1420 230 1448 re
273 1408 440 1457 positam
484 1419 570 1446 esse
609 1419 835 1456 censemus,
892 1408 994 1458 quod
1026 1408 1242 1457 'praeteriti
1283 1407 1437 1447 omissio
1478 1406 1600 1447 multo

185 1472 343 1521 gravior
385 1474 446 1510 est
488 1482 604 1520 quam
649 1470 828 1510 infinitivi
870 1472 932 1511 vel
976 1473 1207 1521 praesentis,
1280 1472 1358 1512 Sed
1398 1471 1599 1511 videamus

185 1536 357 1586 singulos
386 1536 610 1584 scriptores.

292 1601 347 1639 Ac
376 1601 533 1638 Plautus
569 1600 737 1649 quidem,
781 1601 884 1649 apud
926 1613 1042 1650 quem
1078 1601 1258 1640 infinitivi
1296 1604 1338 1640 et
1377 1601 1598 1650 praesentis

185 1665 401 1704 omissionis
437 1676 515 1704 non
554 1665 611 1704 ita
638 1676 762 1713 pauca
800 1665 1070 1704 adnotavimus
1107 1665 1296 1715 exempla,
1338 1665 1599 1714 praeteritum
1656 1654 1661 1661 ⁶

184 1742 386 1779 nusquam,
410 1733 598 1778 quantum
616 1730 773 1778 quidem
793 1730 890 1768 meis
911 1728 1105 1768 confidere
1120 1741 1277 1777 possum
1294 1728 1597 1776 collectionibus,

184 1795 368 1833 omittere
396 1794 564 1833 videtur.
609 1794 668 1832 Ex
691 1795 874 1833 Cicerone
893 1794 987 1833 mihi
1013 1798 1173 1843 praesto
1194 1798 1285 1834 sunt
1304 1794 1380 1833 (luo
1405 1794 1595 1844 exempla,

183 1859 231 1898 de
261 1858 323 1898 off.
352 1858 461 1906 125,
484 1858 517 1908 ξ.
540 1860 602 1898 86.
634 1859 751 1908 (Hinc
769 1859 872 1908 apud
889 1858 1151 1899 Athenienses
1166 1869 1330 1908 magnae
1348 1858 1595 1909 discordiae),

183 1924 252 1962 sed
292 1923 395 1972 apud
433 1923 619 1962 adverbia
656 1923 730 1962 loci
767 1923 929 1962 verbum
955 1924 1258 1973 ,substantivum
1295 1924 1449 1973 saepius
1494 1923 1597 1973 apud

183 1988 410 2027 Ciceronem
447 1988 570 2035 deest,
601 1991 642 2026 et
679 1988 728 2026 ad
756 1988 838 2036 Att,
874 1988 904 2028 I.
925 1990 983 2028 14.
1032 1988 1149 2038 (Quid
1185 1988 1337 2027 multa?
1376 1986 1594 2040 clamores),

183 2052 248 2092 ubi
276 2065 353 2092 non
381 2056 490 2091 recte
519 2051 773 2091 Lambiniana
802 2052 921 2092 editio
951 2054 1005 2092 sic
1033 2054 1258 2103 distinguit:
1288 2054 1413 2102 „Quid
1441 2054 1593 2094 multa?

268 2232 299 2273 *)
324 2232 517 2264 Contrarias
540 2232 618 2264 huic
641 2232 828 2265 sententiae
854 2237 906 2264 est
929 2233 1022 2267 locus
1049 2234 1146 2266 Gellii
1170 2235 1221 2274 (V.
1247 2234 1286 2275 8),
1313 2237 1367 2269 „et
1390 2236 1439 2265 est
1463 2236 1498 2266 et
1520 2235 1596 2264 erat

183 2291 216 2320 et
236 2286 309 2327 suit
328 2287 522 2328 plerumque
546 2288 607 2329 (sic
621 2288 643 2328 !)
678 2287 800 2319 absunt
824 2297 896 2319 cum
927 2287 1092 2328 elegantia
1123 2291 1157 2318 et
1187 2286 1258 2319 sine
1289 2285 1486 2319 detrimento
1518 2295 1592 2319 sen-

183 2341 343 2374 tentiae&
380 2340 445 2373 Sed
465 2350 506 2373 ea
527 2341 643 2382 regula
663 2341 845 2382 Ciceronis,
867 2342 952 2374 Livii
965 2342 1169 2382 aliorumque
1187 2340 1392 2382 temporibus
1413 2342 1504 2373 certe
1525 2348 1592 2372 non

182 2394 326 2428 valebat.
350 2394 389 2427 cf.
413 2394 459 2428 M.
491 2394 645 2437 Seyffert,
679 2395 751 2431 Pal.
782 2396 847 2428 Cic.
878 2406 909 2437 p.
940 2398 985 2437 17,
1016 2396 1071 2437 qui
1102 2395 1314 2428 omissionem
1342 2394 1515 2436 praeteriti
1549 2403 1592 2427 ex

183 2448 343 2481 Cicerone
366 2458 431 2481 non
456 2448 562 2482 affert.
607 2449 725 2490 Neque
750 2450 897 2483 Gossrau
921 2452 946 2488 ξ.
972 2451 1033 2481 498
1058 2449 1243 2490 exemplum
1266 2448 1377 2482 habet.
