1804 2909
656 118 816 160 -55
871 108 939 147 -’

200 222 322 272 imum
339 234 341 236 ’
361 226 566 280 parvulum
592 250 645 255 —
670 225 875 275 haberet),
918 224 959 263 in
999 220 1159 273 apodosi
1187 223 1267 264 XV.
1296 224 1341 273 8,
1369 223 1395 264 5
1432 222 1492 274 (et

196 287 250 343 '‘Jr
271 281 464 345 quaedam
499 291 660 332 castella
685 290 912 341 gloriaeque
940 292 983 329 et
1008 287 1180 338 praedae
1208 287 1381 328 nonnihil
1399 300 1490 339 par-

172 347 215 407 T,
238 354 541 407 si-habuisset)
559 355 641 395 XV.
661 355 724 405 42,
745 356 806 404 12,
835 355 875 394 111
892 353 1097 394 enuntiato
1125 350 1230 393 finali
1256 353 1284 391 1.
1316 354 1352 402 7,
1372 352 1398 392 3
1427 352 1492 404 (ne

84 420 374 473 -mtfexcessu
400 420 585 471 principis
621 431 698 459 neu
726 419 924 459 tristiores
950 415 1193 467 primordio),
1222 417 1262 455 in
1290 421 1355 455 011ο
1389 416 1492 466 quod

88 476 332 530 &minuitatem
372 484 554 534 exprimit
581 483 659 523 xil.
688 483 761 530 48,
794 482 842 521 18
885 480 993 532 (dum
1026 480 1173 519 invisus
1200 479 1383 530 infamis),
1425 480 1491 519 ubi

89 552 224 591 tamen
260 550 365 599 foret
400 548 589 598 sequitur.
647 545 923 586 Coniunctivus
959 543 1125 593 perfecti
1144 544 1400 583 desideratur
1427 544 1491 583 Xl.

90 615 157 664 35,
184 614 211 654 5
238 612 340 664 (tum
368 611 554 663 quidquid
581 610 729 654 avitum
755 609 975 649 Neronibus
1004 611 1046 648 et
1059 608 1232 656 Drusis[
1255 609 1296 648 in
1323 608 1493 658 pretium

63 716 65 719 ,
83 667 224 728 [probri
251 674 430 727 cessisse)
469 675 548 715 XV.
576 675 641 723 49,
671 675 696 714 2
739 675 827 725 (nec
867 678 1000 714 tamen
1044 674 1156 714 facile
1197 676 1494 715 memoraverim

0 736 28 797 ξ
92 741 178 793 quis
203 740 351 791 primus
379 739 545 790 auctor).
601 738 877 780 Coniunctivus
918 739 1288 791 plusquamperfecti
1315 740 1427 780 deest
1453 741 1493 780 in

92 811 159 847 011ο
189 805 357 846 relativo
383 805 444 845 IV,
461 805 527 852 55,
542 804 596 844 20
624 803 702 853 (cui
729 816 817 844 mox
845 817 868 844 a
896 805 1040 855 Pelope
1067 804 1223 858 nomen)
1244 807 1283 845 in
1304 811 1370 846 011ο
1404 817 1493 846 cau-

84 870 164 921 jsali
189 870 217 910 1.
242 871 278 919 9,
295 871 321 910 2
349 869 468 920 (quod
496 869 598 908 idem
626 869 709 909 dies
737 870 886 920 accepti
914 869 1106 919 quondam
1134 869 1287 919 imperii
1314 870 1494 919 princeps
1541 897 1545 901 -

0 921 67 979 ἶ
92 926 135 976 et
160 934 266 974 vitae
294 936 536 983 supremuss
569 933 671 983 quod
699 933 821 974 Nolae
858 935 897 974 in
934 933 1045 974 domo
1079 937 1120 974 et
1148 933 1321 974 cubiculo
1349 934 1389 973 in
1417 945 1493 984 quo

66 1018 68 1021 ·
95 1002 209 1050 pater
237 998 321 1054 eius
349 997 534 1037 Octavius
562 998 681 1037 vitam
709 997 928 1049 finivisset).
969 1021 1023 1027 —
1064 998 1174 1046 Quod
1215 1001 1347 1038 autem
1387 998 1494 1038 illam

93 1066 220 1115 legem
248 1064 412 1112 attinet,
453 1063 629 1104 Tacitum
657 1065 940 1121 coniunctiyum
977 1076 1054 1104 non
1082 1064 1265 1104 omittere
1292 1064 1367 1104 nisi
1394 1064 1494 1105 alius

22 1138 25 1141 ’
94 1129 307 1181 supplendo
335 1128 470 1168 similis
498 1140 619 1178 prope
648 1130 788 1178 exstet,
818 1128 1122 1178 exceptionibus,
1152 1139 1249 1178 quas
1267 1127 1494 1178 Nipperdey

12 1187 17 1209 ³
94 1194 245 1243 attulit,
274 1204 375 1245 quae
403 1196 494 1233 sunt
521 1193 850 1244 interrogationes
878 1193 1093 1233 indirectae
1122 1195 1163 1232 et
1190 1193 1395 1233 enuntiata
1422 1204 1494 1243 per

95 1264 282 1309 tamquam
309 1261 351 1297 et
379 1258 465 1296 dum
493 1258 737 1306 introducta,
780 1269 851 1307 ego
889 1257 989 1296 addo
1016 1256 1201 1296 nonnulla
1228 1262 1296 1297 en¹²
1327 1257 1495 1297 relativa

20 1368 22 1371 ,
95 1322 159 1374 (A.
173 1321 205 1362 Ι.
233 1322 297 1371 47,
329 1322 365 1362 7.
394 1322 455 1361 Ν.
485 1322 547 1369 39,
565 1323 601 1362 9.
631 1322 694 1370 43,
726 1323 761 1362 7.
791 1321 962 1369 xl11.55,
982 1319 1060 1372 14),
1089 1321 1128 1360 in
1156 1320 1296 1371 quibus
1324 1321 1494 1361 condicio

0 1375 15 1444 {J
94 1386 232 1427 eadem
264 1389 345 1435 est,
390 1397 490 1437 quae
525 1386 565 1425 in
592 1385 963 1436 interrogationibus
1003 1385 1214 1426 indirectis.
1236 1408 1289 1415 —-
1314 1386 1494 1437 Denique

94 1462 190 1507 opus
218 1454 279 1491 est
307 1461 511 1501 quaerere,
541 1451 644 1501 quod
672 1455 890 1491 extremum
918 1450 1121 1490 consilium
1141 1451 1180 1490 in
1198 1462 1245 1491 ea
1263 1451 1497 1501 coniunctivi

94 1515 299 1556 omissione
327 1515 459 1556 Tacito
487 1515 618 1556 fuerit.
673 1516 773 1556 Nam
810 1527 896 1555 cum
932 1515 1045 1565 longe
1082 1515 1259 1566 plurimis
1286 1516 1379 1556 locis
1406 1527 1496 1556 con-

21 1570 44 1621 ἷὲῘ
93 1579 285 1619 iunctivus
312 1579 422 1620 verbi
464 1579 583 1620 substi
616 1592 640 1619 a
667 1580 800 1619 Tacito
841 1580 991 1629 positus
1033 1580 1104 1628 811,
1146 1591 1222 1619 11011
1262 1580 1498 1630 intelligitur

23 1639 61 1684 ³³?
94 1642 187 1694 quid
214 1643 287 1683 sibi
315 1643 438 1684 velint
464 1655 612 1694 paucae
640 1644 730 1684 illae
760 1644 996 1685 omissiones.
1053 1644 1138 1692 Qua
1165 1644 1205 1683 in
1232 1656 1277 1684 re
1306 1656 1355 1685 ea
1373 1645 1496 1686 inter-

93 1708 262 1757 pretatio
290 1719 386 1748 vera
412 1708 568 1748 videtur
595 1719 694 1757 esse,
723 1712 768 1748 ut
795 1712 976 1758 putemus
1004 1709 1180 1749 Tacitum
1208 1710 1329 1749 etiam
1347 1710 1388 1749 in
1407 1721 1496 1750 con·
1538 1714 1542 1717 '

94 1770 263 1812 iunctivo
291 1772 488 1813 licentiam
524 1773 631 1813 illam
659 1773 883 1824 omittendi,
926 1785 1027 1825 quae
1069 1774 1107 1814 ei
1142 1775 1182 1814 in
1219 1774 1427 1815 indicativo
1456 1777 1498 1815 01

33 1827 39 1832 ”
94 1837 283 1880 infinitivo
311 1839 442 1889 fuerit,
472 1851 664 1890 usurpare
693 1842 874 1879 conatum
901 1851 1029 1890 neque
1066 1843 1198 1879 tamen
1226 1842 1388 1880 conatus
1414 1851 1496 1880 mo-

94 1902 185 1942 dum
213 1904 435 1944 excessisse.
464 1904 674 1954 Utcunque
695 1907 828 1943 autem
857 1916 905 1944 ea
924 1915 989 1944 res
1018 1915 1060 1944 se
1088 1904 1219 1954 habet,
1249 1908 1357 1945 certe
1386 1905 1424 1944 in
1449 1916 1497 1945 ea

96 1976 248 2018 quoque
269 1969 476 2009 omissione
496 1968 652 2007 Tacitus
674 1980 697 2007 a
715 1968 876 2018 reliquis
894 1968 1148 2018 scriptoribus
1165 1969 1331 2008 maxime
1351 1968 1494 2009 differt.
