1804 2909
774 167 1038 207 -11—

312 272 460 320 Quibus
510 274 733 322 praemissis
775 274 823 313 de
866 274 1008 313 ceteris
1050 268 1303 322 scriptoribus
1345 273 1612 323 comparandis

204 348 330 389 pauca
357 337 494 383 dicam,
549 338 609 378 Ne
645 341 777 377 autem
814 337 899 387 quis
936 349 998 376 me
1033 337 1137 376 dicat
1170 337 1447 385 simulatorem,
1476 349 1538 377 me
1571 338 1611 376 in

204 400 277 440 hac
314 411 359 441 re
402 401 567 441 aliorum
609 401 897 441 collectionibus
925 403 1161 451 praesertim
1199 402 1394 452 Seyfferti,
1437 403 1610 452 Reisigii,

208 465 413 515 Draegeri,
444 465 656 515 Schmidtii,
686 477 763 506 non
793 477 917 516 pauca
935 466 1079 507 debere
1100 465 1299 516 profiteor.
1356 466 1444 517 Ipse
1473 467 1610 517 collegi

204 530 383 579 exempla
419 542 466 570 ex
494 531 623 569 Plauti
660 530 883 569 Trinummo
922 529 997 580 (ed.
1027 531 1133 569 Brix.
1163 531 1224 570 ed.
1257 530 1306 569 ΙΙ.
1341 531 1454 580 Lips.⁴
1478 531 1610 580 1873.)

203 592 281 633 Cic.
310 593 360 634 de
380 593 471 633 finn.
489 594 565 645 (ed.
588 594 818 643 Madvigius,
849 594 1027 633 Hauniae
1050 593 1183 645 1839.)
1214 595 1262 634 ad
1283 595 1365 634 Att.
1387 595 1417 634 Ι.
1449 594 1560 634 Catil.
1583 595 1611 634 Ι.

203 655 362 696 Caesar.
390 657 480 697 bell.
510 657 610 697 Gall.
633 657 662 697 Ι,
686 657 763 706 (ed.
794 657 1012 697 Doberenz.
1041 657 1087 696 V.
1109 658 1213 707 Lips,
1248 659 1375 708 1871).
1406 659 1487 697 Liv.
1506 659 1611 698 XXI.

204 719 283 771 (ed.
301 720 431 768 Fabri,
461 731 540 759 cur.
560 720 815 769 Heerwagen,
837 720 1009 760 Norimb.
1034 721 1165 770 1852).
1198 721 1288 761 Sall.
1319 722 1432 761 Catil.
1455 721 1611 774 Conjur.

204 786 280 837 (ed.
310 784 482 833 Dietsch,
512 785 616 834 Lips.
649 784 766 837 1859)
795 785 892 835 Virg
931 785 1027 825 Aen.
1056 785 1087 825 Ι.
1118 790 1159 825 et
1176 786 1225 825 II.
1257 786 1323 836 (ed
1358 786 1403 826 Ο.
1425 786 1610 834 Ribbeck,

200 849 305 900 Lips.
338 848 470 899 1860.)
526 849 621 889 Hor.
661 852 750 889 satt.
791 852 832 889 et
860 861 947 899 epp.
987 850 1067 900 (ed.
1097 849 1278 899 Orellius,
1318 850 1446 890 Turici
1477 851 1610 901 1844).

200 913 300 955 Vell.
329 914 480 954 Paterc.
510 913 600 954 hist.
630 914 737 953 Rom*
757 914 787 954 I.
820 914 896 965 (ed.
926 914 1113 963 Kritzius,
1143 915 1245 964 Lips.
1271 915 1402 965 1840)
1447 915 1610 965 Seneca,

200 978 249 1018 de
277 978 366 1018 ben.
398 978 517 1028 (Lips.
550 979 654 1018 1862
683 978 742 1017 ed.
771 977 931 1029 Haase).
970 978 1078 1018 Suet.
1108 979 1184 1017 Jul.
1218 979 1294 1028 (ed.
1324 979 1610 1028 Baumgarten-

207 1042 380 1091 Crusius,
421 1042 577 1092 Lipsiae
622 1042 752 1093 1816.)
822 1042 929 1090 Quae
972 1054 1043 1092 pro
1085 1043 1334 1083 multitudine
1376 1044 1610 1094 scriptorum

202 1118 452 1146 romanorum
475 1106 586 1146 nobis
611 1107 836 1147 relictorum
864 1107 967 1157 quod
991 1107 1150 1146 minima
1172 1112 1273 1156 sunt,
1293 1112 1471 1158 tempore
1497 1108 1612 1158 plura

203 1171 457 1221 conquirendi
485 1182 562 1210 non
585 1171 689 1219 dato,
718 1172 883 1212 maxime
912 1172 1036 1211 doleo.
1092 1172 1197 1211 Finis
1216 1176 1347 1211 autem
1376 1176 1494 1222 atque
1523 1184 1612 1211 con-

200 1234 331 1274 silium
359 1234 658 1283 comparationis
686 1235 828 1284 duplex
862 1239 934 1275 est.
991 1236 1163 1274 Primum
1201 1236 1305 1291 enim
1342 1235 1510 1276 fortasse
1538 1236 1610 1275 hac

198 1299 524 1338 commentatione
553 1299 707 1338 initium
745 1300 854 1350 capio
886 1300 1177 1340 demonstrandi
1215 1312 1239 1339 a
1266 1300 1405 1350 quibus
1443 1301 1609 1350 primor—

201 1362 275 1402 diis
312 1362 559 1412 proficiscens
595 1363 721 1413 figura
758 1364 905 1413 ellipsis
946 1365 986 1402 in
1032 1364 1164 1413 lingua
1205 1365 1328 1403 latina
1370 1365 1607 1404 crebriorem

201 1438 314 1467 usum
341 1427 484 1477 adepta
512 1428 574 1476 sit,
604 1439 681 1478 qua
709 1428 758 1467 de
787 1439 903 1467 causa
930 1428 970 1466 in
999 1427 1251 1477 scriptoribus
1279 1428 1482 1468 laudandis
1510 1432 1609 1468 tem-

200 1503 340 1541 porum
380 1503 597 1531 successum
648 1504 804 1542 semper
854 1504 970 1542 quam
1015 1493 1181 1531 maxime
1224 1493 1389 1532 servavi.
1458 1493 1609 1532 Deinde

201 1555 370 1595 conabor
419 1555 688 1595 demonstrare
736 1567 832 1606 quos
869 1557 1080 1606 scriptores
1121 1556 1276 1596 Tacitus
1317 1557 1357 1595 in
1394 1556 1609 1595 omittendo

199 1632 236 1660 v.
265 1619 506 1659 substantivo
533 1620 699 1660 maxime
728 1624 884 1661 secutus
913 1621 974 1669 sit,
1005 1620 1143 1671 quibus
1170 1619 1287 1661 rebus
1313 1620 1409 1660 alios
1433 1621 1609 1660 imitatus

202 1683 254 1723 sit
281 1695 327 1723 ac
354 1683 494 1733 quibus
523 1684 710 1733 singulari
734 1695 779 1723 ac
802 1685 961 1734 propria
988 1688 1073 1724 arte
1094 1685 1143 1724 ab
1167 1685 1328 1733 reliquis
1353 1684 1609 1733 scriptoribus

203 1747 359 1787 differat
373 1746 420 1799 *).

287 1886 317 1928 *)
363 1886 412 1919 De
447 1886 639 1919 auctoribus
673 1885 780 1919 Taciti
825 1885 908 1918 dixit
941 1885 1046 1919 Unico
1081 1885 1211 1918 Zernial
1247 1886 1387 1928 (selecta
1422 1885 1533 1927 capita
1567 1894 1609 1918 ex

200 1940 342 1981 genetivi
364 1950 427 1973 usu
450 1940 598 1973 Taciteo.
624 1941 714 1973 Gott.
744 1942 830 1973 1862.
855 1949 929 1982 pag.
956 1942 1002 1980 6),
1026 1940 1122 1981 longe
1147 1940 1268 1981 optime
1292 1939 1503 1972 Woelfflinus
1527 1939 1608 1972 duo-

200 1994 263 2027 bus
285 1994 449 2036 Philologi
471 1994 570 2027 locis:
615 1994 724 2027 Philol
758 1994 860 2027 XXV.
883 2004 915 2035 p.
943 1996 1000 2026 128
1030 1994 1086 2026 ubi
1118 1994 1286 2027 recensuit
1309 1994 1462 2026 Goebelii
1485 1993 1607 2026 disser-

200 2048 359 2081 tationem
383 2048 437 2090 (de
460 2048 594 2089 poetica
616 2047 746 2080 Tacitei
768 2047 846 2089 styli
870 2047 990 2089 colore,
1013 2048 1124 2081 Berol.
1140 2050 1232 2089 1859)
1256 2047 1310 2088 qui
1330 2052 1486 2079 auctores
1500 2046 1609 2079 Taciti

199 2102 347 2134 nominat
390 2103 580 2144 Horatium,
627 2101 815 2143 Virgilium,
851 2102 1036 2142 Lucanum,
1071 2101 1238 2141 Ovidium,
1272 2105 1307 2132 et
1340 2099 1457 2132 Philol.
1489 2100 1608 2132 XXVI.

199 2165 221 2197 p
251 2157 394 2189 121-134.
428 2156 510 2189 Post
522 2156 767 2189 Woelfflinuum
783 2155 809 2187 si
824 2164 885 2196 ego
898 2154 993 2196 plura
1005 2154 1124 2187 afferre
1138 2154 1273 2194 vellem,
1296 2162 1434 2194 magnae
1448 2153 1609 2186 audaciae

200 2213 301 2242 esset.
346 2209 489 2243 Primum
514 2210 603 2251 quod
627 2209 820 2242 Sallustium
843 2208 973 2249 attinet,
997 2210 1047 2240 W.
1071 2207 1181 2239 multis
1206 2206 1379 2239 verborum
1403 2205 1609 2238 connexibus

200 2262 348 2304 egregrie
372 2263 570 2305 comparatis
595 2263 800 2296 demonstrat
823 2261 974 2294 Tacitum
999 2260 1189 2293 Sallustium
1219 2259 1270 2292 vel
1294 2258 1435 2291 maxime
1459 2263 1609 2292 secutum

201 2325 288 2358 esse,
331 2317 458 2350 Livium
490 2321 643 2351 constare
676 2317 708 2350 in
742 2315 907 2359 prioribus
930 2314 1039 2348 Taciti
1072 2314 1206 2356 scriptis
1238 2312 1373 2346 maioris
1405 2313 1509 2346 fuisse
1539 2322 1608 2346 mo-

199 2371 326 2413 menti,
370 2376 544 2414 poetarum
585 2372 756 2413 Virgilium
790 2381 811 2404 a
844 2371 961 2404 Tacito
994 2370 1180 2403 lectitatum
1211 2378 1310 2410 esse,
1343 2378 1418 2401 cum
1450 2369 1609 2403 Horatius

200 2424 342 2457 maxime
366 2430 463 2459 caute
492 2426 526 2457 in
559 2435 600 2458 ea
629 2435 665 2458 rc
695 2424 890 2457 tractandus
914 2425 958 2456 sit
979 2424 1072 2466 (Tac.
1097 2425 1134 2456 G.
1160 2429 1189 2463 5,
1217 2425 1252 2453 1⁰
1284 2426 1337 2454 est
1360 2421 1483 2455 videre.
1527 2422 1610 2455 Hor.

200 2481 262 2509 sat.
277 2479 311 2518 1.,
335 2480 364 2520 5,
388 2480 427 2511 85
453 2479 541 2520 quod
566 2489 662 2512 versu
685 2479 795 2511 dicere
819 2488 885 2510 non
909 2479 982 2519 est).
1028 2476 1122 2518 Quod
1147 2475 1340 2510 Sallustium
1363 2475 1484 2508 attinet
1507 2476 1610 2508 multa

202 2539 333 2573 quoquc
357 2533 611 2576 exploraverunt
635 2534 788 2575 Orellius,
811 2533 971 2573 Krltzius,
993 2531 1142 2573 Bernays
1166 2529 1294 2572 (Rhein.
1314 2529 1400 2562 Mus.
1413 2528 1498 2562 XVI,
1524 2530 1606 2571 319).
