1804 2909
751 126 1018 166 —28-

285 234 321 273 2.
374 233 431 271 De
472 233 725 273 substantivo.
799 233 855 273 Ut
891 233 931 272 in
973 233 1174 283 praesenti
1216 237 1405 284 tempore,
1450 234 1506 273 ita
1552 234 1593 273 in
1650 224 1652 226 ’

179 295 409 345 imperfecto
454 296 558 345 apud
605 296 891 335 substantivum
933 309 965 335 v.
1004 296 1292 335 substantivum
1327 309 1419 337 raro
1467 297 1590 338 deest.
1656 303 1659 307 ⁴
1735 291 1795 336 ’Ἣ

179 359 393 409 Analogias
437 372 486 400 ex
527 361 670 400 ceteris
713 360 969 410 scriptoribus
1009 372 1072 410 pg.
1118 362 1164 400 17
1217 362 1363 411 protuli
1405 362 1499 413 (Cic.
1543 361 1592 402 ad

179 423 262 463 Att.
293 422 325 464 Ι.
367 426 416 463 14
454 424 536 463 sola
565 425 657 474 est).
712 424 915 474 Plerisque
954 428 1085 464 autem
1123 425 1227 474 locis,
1258 426 1326 465 ubi
1352 426 1456 476 apud
1483 425 1592 465 Taci-

181 490 265 527 tum
292 487 332 526 in
361 487 606 527 substantivo
636 494 721 526 erat
749 488 1020 536 desideratur,
1064 489 1159 527 illud
1195 489 1235 527 in
1271 490 1499 538 praedicato
1527 500 1592 528 ex-

180 556 272 601 stat,
303 555 348 592 ut
374 552 424 592 Η.
455 551 508 592 11.
542 555 575 601 1,
606 554 627 592 7
674 552 859 603 (materia
902 552 1144 592 sermonibus
1186 552 1336 592 senium
1369 555 1410 593 et
1447 552 1595 593 orbitas

180 616 398 667 principis).
455 617 703 657 Paucissimis
732 620 864 657 autem
893 616 1179 657 substantivum
1215 617 1391 657 absolute
1424 618 1594 667 positum

182 684 245 721 est
273 684 315 721 et
343 681 506 721 verbum
536 682 728 721 existendi
748 681 1006 730 desideratur,
1038 682 1106 721 sed
1134 683 1166 721 is
1195 693 1287 721 usus
1315 682 1355 720 in
1384 681 1593 722 indicativo

178 746 401 795 praesentis
429 758 506 785 non
527 746 736 785 invenitur.
780 746 831 784 Hi
860 746 934 784 loci
955 749 1046 785 sunt
1072 746 1120 784 H.
1143 744 1195 784 11.
1221 747 1284 794 29,
1317 747 1364 785 13
1394 745 1594 796 (gaudium

179 809 382 848 miseratio
397 808 524 859 favor)
541 809 590 848 II.
604 809 669 856 46,
689 810 749 848 13.
763 809 791 847 I.
804 809 868 856 40,
889 810 924 848 2.
937 810 983 847 A.
999 810 1028 849 I.
1047 811 1110 857 25,
1127 811 1163 848 5.
1181 810 1374 859 (murmur
1388 810 1592 857 incertum,

182 876 297 913 atrox
326 873 473 912 clamor
501 876 542 912 et
569 876 735 922 repente
765 873 905 923 quies).
922 874 1037 912 -—-H.
1068 873 1132 913 IV.
1162 874 1227 922 42,
1250 874 1300 913 16
1328 873 1482 924 (nihils
1491 873 1593 924 quod

180 950 228 977 ex
255 941 296 977 te
326 938 618 987 concupisceret
646 938 764 986 Nero,
795 937 934 985 nihils,
965 938 1067 987 quod
1095 938 1284 988 timeret).
1334 938 1443 977 Talia
1470 950 1592 978 enun-

179 1002 280 1041 tiata
332 1001 656 1040 exclamationum
714 1003 839 1040 instar
891 1003 1018 1051 posita
1077 1013 1164 1041 esse
1214 1002 1417 1049 videntur;
1478 1014 1595 1054 quam

129 1096 132 1098 ,
179 1065 229 1104 ob
281 1076 366 1104 rem
420 1065 674 1105 Schlueterus
717 1067 761 1105 A.
811 1066 840 1104 Ι.
900 1067 951 1106 25
1003 1070 1111 1105 recte
1165 1067 1218 1105 sic
1264 1067 1405 1106 vertit:
1469 1066 1596 1109 »ietzt

180 1130 457 1178 zweideutiges
499 1130 751 1177 Gemurmel,
796 1131 898 1168 dann
940 1131 1206 1179 unbaendiges
1250 1130 1463 1178 Geschrei,
1515 1130 1595 1168 und

180 1191 388 1242 ploetzlich
417 1215 467 1220 —
498 1193 594 1233 alles
624 1194 738 1233 still.»
767 1217 820 1221 —
848 1193 923 1233 Sed
954 1205 1039 1233 cum
1066 1194 1199 1244 paucis
1219 1193 1490 1234 omissionibus
1517 1193 1594 1233 illis

180 1262 431 1308 comparatae
459 1260 682 1308 'positiones
718 1260 910 1309 plurimae
948 1262 1050 1297 sunt.
1107 1258 1199 1296 Loci
1227 1261 1360 1297 autem
1389 1257 1529 1307 quibus
1556 1269 1592 1295 v.

179 1322 336 1361 subst¹¹¹¹²
384 1323 547 1372 copulae
605 1335 767 1362 munere
824 1322 990 1372 fungens
1040 1321 1196 1361 subst¹¹¹¹¹
1247 1321 1462 1371 praedicati
1510 1331 1597 1360 cum

179 1386 353 1426 subiecto
382 1387 593 1437 coniungit,
623 1387 663 1426 hi
693 1392 805 1427 sunt:
836 1388 884 1426 H.
914 1388 964 1427 II.
996 1388 1057 1435 88,
1086 1388 1135 1427 12
1165 1387 1253 1438 (nec
1281 1388 1407 1427 minus
1436 1398 1595 1427 saevum

179 1449 451 1500 spectaculum¹
473 1457 588 1492 erant
615 1453 689 1502 ipsi
718 1475 769 1480 -
797 1452 1022 1502 horrentes)
1068 1452 1137 1490 III.
1167 1452 1231 1500 56,
1261 1452 1286 1491 5
1329 1451 1415 1502 (sed
1443 1451 1594 1500 praeci-

179 1526 299 1565 puum
343 1516 427 1566 ipse
456 1516 638 1557 Vitellius
681 1520 877 1556 ostentum
922 1520 1039 1566 erat),
1083 1516 1152 1555 III.
1183 1516 1247 1564 68,
1297 1517 1343 1554 12
1387 1514 1595 1565 (Caecilius

179 1579 351 1630 Simplex
379 1581 484 1630 erat)
515 1581 594 1620 scil.
625 1582 769 1621 consul.
812 1582 883 1620 III.
913 1582 975 1629 70,
1007 1582 1069 1620 25.
1113 1581 1159 1619 A.
1189 1581 1258 1621 III.
1292 1582 1362 1629 74,
1400 1580 1463 1619 20.
1505 1579 1592 1619 XII.

178 1645 243 1694 44,
274 1646 309 1685 6.
338 1646 402 1694 49,
436 1647 469 1686 1.
499 1645 582 1685 XV.
612 1647 676 1695 51,
707 1647 743 1687 6.
774 1646 822 1686 ΙΙ,
854 1647 925 1695 53,
955 1647 979 1686 8
1011 1646 1195 1696 (namque
1224 1645 1260 1685 ei
1290 1668 1341 1673 —
1383 1644 1595 1685 avunculus

179 1710 391 1758 Augustus,
422 1722 517 1749 avus
545 1711 738 1750 Antonius
768 1711 898 1760 erant)
928 1711 996 1749 ΙΙΙ.
1029 1712 1147 1758 29,1.
1177 1710 1242 1749 IV.
1272 1711 1351 1757 5,5
1373 1710 1459 1760 (sed
1478 1720 1594 1758 prae-

180 1774 335 1824 cipuum
376 1773 497 1813 robur
548 1774 729 1814 Rhenum
771 1775 880 1814 iuxta
929 1797 975 1802 —
1020 1777 1106 1814 octo
1149 1774 1322 1824 legiones
1373 1773 1504 1823 erant)
1548 1772 1595 1813 cf.
1666 1766 1673 1770 X

181 1838 487 1878 adnotationem.
517 1838 582 1878 IV.
618 1840 676 1887 17,
694 1841 730 1879 9.
747 1861 799 1866 —-
827 1839 1002 1879 Verbum
1030 1839 1222 1878 existendi
1250 1839 1410 1888 ponitur
1439 1848 1595 1886 semper

179 1902 220 1941 in
260 1901 396 1951 phrasi
438 1906 550 1940 erant
592 1904 677 1952 qui,
721 1903 829 1941 cuius
871 1902 1050 1952 exempla
1093 1904 1251 1942 exstant
1291 1901 1340 1941 H.
1376 1900 1406 1940 I.
1450 1900 1513 1949 25,
1557 1900 1593 1941 9.

180 1967 244 2015 50,
276 1967 339 2007 17.
381 1967 433 2007 ΙΙ.
471 1967 535 2015 51,
568 1969 602 2008 1.
648 1968 710 2015 70,
742 1966 804 2007 15.
847 1967 916 2006 III.
955 1967 1029 2007 52.
1058 1968 1095 2006 4.
1132 1967 1195 2014 65,
1234 1966 1272 2005 2.
1300 1965 1365 2005 IV.
1405 1966 1441 2014 6,
1474 1966 1507 2006 1.
1538 1987 1591 1993 -

180 2031 227 2071 A.
256 2031 306 2071 II.
337 2031 400 2081 73,
431 2032 467 2071 2.
506 2031 572 2072 IV.
600 2033 665 2081 49,
699 2033 758 2072 14.
790 2031 853 2079 57,
884 2032 921 2071 8,
951 2031 982 2070 Ι.
1012 2031 1076 2079 69,
1106 2031 1143 2070 3.
1172 2030 1259 2069 XII.
1288 2030 1353 2079 47,
1387 2031 1447 2070 14.
1489 2029 1594 2070 XIV.

183 2096 245 2144 10,
279 2095 337 2135 12.
368 2096 452 2136 XV.
486 2097 546 2145 12,
580 2097 640 2136 16.
669 2097 732 2144 43,
766 2097 825 2136 18.
855 2095 958 2136 XVI.
989 2096 1052 2144 29,
1082 2096 1119 2135 5.
1149 2095 1198 2134 Η.
1220 2095 1249 2134 Ι.
1281 2095 1344 2143 55,
1371 2096 1418 2134 16
1448 2095 1594 2145 (neque

181 2160 286 2199 enim
323 2165 410 2201 erat
447 2161 583 2210 adhuc,
608 2162 683 2201 'cui
711 2160 991 2211 imputaretur)
1031 2160 1078 2199 H.
1107 2160 1156 2199 ΙΙ.
1186 2161 1250 2208 46,
1281 2160 1306 2199 5
1335 2158 1477 2211 (neque
1506 2162 1595 2199 erat

180 2224 370 2275 adulatio)
399 2226 437 2265 H
470 2226 525 2266 IV
551 2228 614 2275 46,
637 2227 688 2267 26
704 2227 858 2277 (preces
887 2225 1031 2275 erant),
1061 2225 1125 2264 IV.
1158 2224 1301 2272 69,10.
1331 2223 1377 2262 Α.
1407 2223 1456 2263 II.
1486 2223 1550 2273 37,
1568 2225 1593 2264 3

183 2291 320 2341 (nepos
349 2291 452 2341 erat)
496 2291 543 2331 A.
571 2291 617 2331 V.
647 2293 692 2339 3,
723 2292 748 2331 2
792 2291 897 2341 (erat
937 2290 1062 2330 adhuc
1089 2286 1328 2338 perfugium)
1344 2287 1394 2337 ss).

267 2399 297 2441 ³)
341 2397 526 2432 Addendus
550 2401 601 2431 est
623 2397 677 2430 hic
700 2396 793 2429 locus
816 2397 856 2429 H.
873 2396 914 2428 ΙΙ,
945 2398 992 2437 15,
1021 2397 1055 2427 13
1080 2395 1155 2437 (nec
1179 2393 1261 2427 satis
1284 2393 1398 2427 virium
1421 2394 1464 2427 nd
1481 2403 1595 2427 arcen-

182 2452 259 2485 dum
283 2452 370 2493 erat)
403 2452 445 2484 H.
468 2451 493 2483 1.
517 2453 548 2491 9,
571 2452 589 2482 3
625 2451 678 2491 (no
714 2450 826 2491 quicto
861 2448 994 2490 quidem
1027 2448 1132 2480 milite
1165 2447 1323 2488 regimen)
1356 2448 1397 2479 A.
1420 2447 1476 2479 IV.
1500 2449 1552 2488 70,
1575 2448 1594 2477 4

182 2506 256 2548 (nec
277 2513 372 2538 mora
395 2504 495 2547 quin).
