1804 2909
204 265 431 325 'gebraucm
473 273 616 314 Memel
659 275 773 314 1868.
815 273 970 324 Progr.)
1012 273 1181 313 alterum
1222 272 1268 311 R.
1315 272 1517 312 Schmidtii
1561 273 1626 323 (de

139 334 145 357 ⁵
163 340 179 384 ᾗ
199 330 342 391 61111151
363 337 573 387 rTacitina,
616 338 839 387 Dramburg
868 338 982 377 1871.
1026 337 1110 387 Pr.)
1155 336 1387 387 dequibus
1427 335 1500 376 hoc
1542 336 1626 376 loco

213 396 329 457 plura
369 401 500 441 dicere
542 414 638 452 opus
681 405 753 441 est.
822 400 1023 441 Storchius
1065 400 1169 440 enim
1212 411 1235 438 a
1278 400 1436 440 notione
1480 400 1626 450 ellipsis

159 472 177 483 ·’
214 465 369 507 0111111110
397 466 563 506 secludit
590 467 715 513 locos,
760 465 899 514 quibus
935 465 1040 504 notio
1077 464 1293 513 supplenda
1329 467 1399 503 aut
1426 465 1627 504 antecedit

214 534 285 571 aut
312 530 585 580 subsequitur,
629 533 673 568 ut
715 530 818 568 locos
855 541 878 568 a
906 529 1042 568 Wexio
1080 529 1128 567 ad
1157 529 1251 577 Agr.
1286 539 1322 577 p.
1353 529 1404 568 53
1445 529 1625 568 laudatos

89 630 105 644 „
188 595 263 642 H.
280 594 350 634 ΠΙ.
365 595 417 633 44
446 595 566 644 (quod
593 594 671 632 illic
699 593 891 633 secundae
906 592 1049 641 legioni
1064 604 1088 631 a
1108 592 1267 631 Claudio
1294 594 1625 653 praepositusrss)

82 672 87 674 -
148 690 150 692 .
214 660 258 699 et
284 657 387 697 bello
414 658 542 697 clarus
570 656 738 706 egerat).
796 656 873 695 Sed
910 656 1029 695 timeo
1066 667 1115 695 ne
1145 655 1345 695 Storchius
1374 669 1398 696 a
1425 657 1557 696 multis
1586 657 1626 696 in

213 733 262 761 ea
290 732 335 761 re
364 721 492 760 minus
528 720 785 769 intelligatur.
841 720 941 758 Nam
983 719 1129 769 ellipsis
1173 720 1327 759 omnino
1361 719 1447 760 fieri
1488 720 1626 770 nequit

213 785 287 825 nisi
315 797 364 825 ex
384 796 559 824 connexu
589 785 875 824 sententiarum
903 784 1010 822 notio
1039 784 1181 823 omissa
1210 785 1382 833 suppleri
1410 787 1542 834 potest
1555 784 1625 836 **).

71 843 75 845 ’
127 851 129 854 ’
159 890 161 892 ,
201 849 424 889 Rationem
466 852 598 888 autem
641 848 810 889 Storchii
857 849 889 887 si
935 847 1134 897 sequimur
1175 847 1352 897 ellipses,
1395 859 1496 898 quae
1537 860 1626 898 gra-

156 917 158 919 ’
214 914 364 953 viorem
392 912 644 952 offensionem
672 916 840 960 movent,
871 913 1050 961 leviores,
1093 924 1138 951 ac
1176 925 1276 962 quae
1305 913 1505 962 leviorem,
1534 925 1624 963 gra-

0 964 77 1027 ἔῖ
212 977 339 1016 viores
367 979 577 1025 apparent,
621 987 707 1014 cum
734 976 774 1014 in
803 975 977 1014 omnibus
1008 976 1210 1025 exemplis,
1253 988 1353 1025 quae
1382 975 1515 1025 affert,
1559 976 1626 1016 ubi

0 1035 6 1046 '
33 1033 43 1054 ‘²
68 1036 71 1037 ⁷
214 1041 263 1080 ad
292 1040 549 1088 enuntiatum,
579 1040 619 1078 in
647 1052 722 1089 quo
752 1040 888 1088 copula
908 1040 1030 1087 deest,
1061 1040 1165 1078 aliud
1186 1041 1432 1079 enuntiatum
1453 1052 1483 1080 c.
1502 1041 1624 1081 verbo

212 1103 321 1144 finito
350 1115 422 1153 per
451 1110 488 1141 et
525 1104 770 1152 adiungitur,
814 1104 968 1152 ellipsin
996 1106 1088 1143 ante
1116 1104 1291 1143 Tacitum
1331 1112 1473 1153 paene
1500 1105 1624 1145 solum

213 1169 316 1218 apud
356 1171 494 1217 poetas
536 1169 702 1207 inveniri
744 1171 853 1207 recte
895 1168 1091 1217 Reisigius
1135 1168 1165 1217 ξ.
1197 1169 1296 1216 455,
1334 1169 1359 1207 2
1401 1169 1622 1209 admoneat.

213 1231 359 1271 Tamen
386 1231 501 1270 huius
530 1233 685 1281 generis
719 1232 839 1270 etiam
874 1231 1140 1280 exemplorum
1173 1243 1250 1271 non
1288 1233 1458 1272 omnium
1486 1233 1624 1274 eadem

31 1339 35 1343 ⁴
145 1296 148 1300 '
214 1297 385 1336 condicio
407 1301 487 1345 est,
528 1308 613 1335 cum
643 1296 762 1336 verbo
791 1295 900 1334 finito
930 1306 1016 1333 cum
1053 1295 1177 1335 forma
1207 1309 1240 1335 v.
1271 1297 1505 1337 substantivi
1533 1310 1624 1348 sup—

0 1354 61 1430 Γ
108 1389 111 1391 -
212 1361 355 1410 plenda
384 1362 596 1410 composito
641 1361 830 1410 (Gossrau
858 1359 890 1409 ξ.
924 1359 1016 1409 153)
1057 1361 1211 1400 omissio
1240 1361 1364 1400 levior
1391 1361 1461 1410 sit,
1508 1373 1624 1412 quam

6 1427 8 1429 ’
213 1426 246 1465 51
269 1425 436 1465 ‘verbum
463 1425 615 1465 finitum
633 1437 720 1465 cum
753 1439 788 1466 v.
807 1424 1049 1464 substantivo
1078 1436 1155 1464 non
1184 1425 1438 1474 compositum
1466 1430 1546 1475 est,
1575 1427 1626 1467 ad

212 1489 480 1538 prius‘autem
507 1501 630 1537 genus
659 1490 833 1538 pertinet
854 1489 1074 1537 exemplum
1103 1489 1205 1538 quod
1239 1501 1358 1538 supra
1385 1480 1543 1539 protuli,
1574 1492 1624 1530 ad

160 1594 162 1596 ,
213 1552 381 1592 alterum
409 1553 454 1592 A.
484 1553 548 1592 VI.
579 1554 628 1592 21
679 1554 779 1603 (tum
816 1553 1034 1602 complexus
1069 1565 1158 1593 eum
1187 1553 1364 1593 Tiberius
1402 1556 1624 1604 praescium

212 1617 511 1667 periculoruml*
543 1621 584 1657 et
612 1618 841 1657 incolumem
869 1618 953 1658 fore
994 1620 1205 1669 gratatur).
1249 1644 1300 1648 —
1342 1621 1457 1660 Aliud
1498 1634 1623 1672 genus

218 1682 523 1729 enuntiatorum,
554 1683 656 1731 quod
685 1682 740 1721 St..
770 1682 818 1720 ab
848 1683 974 1732 ellipsi
1003 1685 1183 1733 secludit,
1212 1685 1284 1724 hoc
1312 1690 1393 1725 est:
1423 1687 1556 1728 Germ.
1574 1689 1625 1728 10

213 1745 263 1796 (si
291 1743 592 1795 prohibuerunt,
630 1746 737 1786 nulla
765 1746 813 1786 de
842 1748 978 1788 eadem
1006 1761 1050 1788 re
1079 1750 1118 1788 111
1147 1750 1313 1790 eundem
1341 1751 1444 1792 diem
1472 1752 1621 1793 consul-

214 1809 345 1858 tatio),
375 1810 424 1848 ad
453 1821 569 1858 quem
597 1811 722 1849 locum
750 1811 846 1850 haec
862 1811 917 1851 St.
948 1815 1039 1851 sunt
1066 1813 1207 1852 verba:
1267 1814 1391 1854 »Dem
1427 1827 1621 1865 gramma-

215 1874 367 1914 tischen
395 1874 560 1915 Subiekt
601 1876 654 1915 ist
695 1877 734 1914 in
762 1876 900 1916 diesen
928 1876 1151 1926 Beispielen
1178 1876 1268 1917 kein
1296 1878 1508 1920 Praedikat
1540 1880 1622 1921 bei-

217 1940 406 1989 gegeben.
463 1940 628 1989 Logisch
656 1941 751 1980 aber
780 1942 956 1981 enthaelt
998 1942 1069 1980 der
1097 1941 1188 1980 Satz
1218 1943 1282 1981 ein
1319 1943 1622 1994 vollstaendiges

210 2003 379 2043 Urtheil.
437 2004 483 2043 G.
515 2005 575 2044 10.
606 2017 638 2044 Ζ.
655 2004 699 2044 B.
729 2005 781 2044 ist
808 2005 877 2045 das
905 2004 1075 2054 logische
1104 2004 1267 2045 Subiekt
1306 2007 1453 2058 (nemo)
1482 2008 1522 2047 in
1550 2009 1622 2049 der

212 2067 407 2117 Negation
437 2067 575 2120 (nulla)
619 2068 843 2118 enthalten3
887 2070 955 2108 das
989 2070 1160 2119 logische
1189 2071 1402 2111 Praedikat
1442 2072 1539 2121 liegt
1580 2074 1620 2112 in

213 2134 302 2173 dem
321 2133 589 2173 Verbalsubst.
622 2134 887 2185 (consultatio)
919 2134 987 2173 das
1007 2133 1151 2173 Obiekt
1179 2135 1231 2173 ist
1259 2135 1382 2174 durch
1412 2137 1459 2174 de
1487 2138 1620 2176 eadem

211 2211 255 2237 re
298 2198 561 2247 ausgedriickt
602 2210 655 2235 Ξ
695 2209 809 2238 1161110
851 2199 898 2238 (16
941 2198 1078 2238 eadem
1119 2210 1163 2239 re
1207 2200 1437 2240 consultat«
1495 2201 1621 2250 Quam

14 2393 33 2419 ss,
298 2371 332 2411 *)
376 2370 440 2402 hoc
464 2370 556 2411 siguo
581 2370 713 2411 saepius
737 2369 868 2411 ellipsin
889 2369 1054 2403 indicabo,

0 2396 60 2468 ἓξ
277 2422 329 2464 **)
376 2424 525 2456 Gossrau
548 2433 577 2464 p.
604 2425 681 2455 589:
727 2423 884 2464 „Ellipsis
908 2423 1141 2464 (Auslassung)
1173 2424 1265 2456 eines
1290 2424 1442 2467 Wortes,
1476 2425 1620 2459 welches

0 2468 38 2519 ξς,.“
214 2486 275 2510 aus
298 2476 372 2509 dem
395 2477 707 2517 Zusammenhange
731 2476 803 2509 sich
827 2486 1013 2518 ergaenzen
1036 2477 1158 2519 laesst,
1194 2477 1275 2510 aber
1305 2489 1365 2511 zur
1388 2479 1620 2513 construction

0 2525 13 2543 '¹'
25 2522 40 2545 :r
212 2530 426 2572 nothwendig
446 2531 523 2565 ist.“
