1804 2909
0 0 88 39 {5³:02

0 30 37 44 §mv
76 40 78 42 ,

8 48 19 55 .
40 46 50 59 *r

3 54 60 85 k

2 109 21 121 ¹⁵¹
40 123 43 126 .
63 122 68 127 r

4 133 6 136 .
26 135 36 143 ,
51 131 61 142 1

773 121 1041 164 ..52-

198 228 343 281 deyum
361 232 522 271 secutus
547 232 622 280 est,
643 229 857 270 secundum
882 229 1116 280 principium
1139 240 1253 270 suum
1278 229 1431 280 falsum,
1458 229 1509 270 de
1535 240 1630 281 quo.
1664 204 1725 267 1⁴⁵³
1755 228 1768 239 “

198 305 263 345 pg.
305 294 332 335 5
373 293 584 344 disputavi,
626 293 805 334 omnibus
844 293 952 343 locis,
998 286 1096 344 q'uos
1136 293 1253 343 Nipp.
1295 293 1368 334 snb
1412 296 1433 335 1
1482 293 1612 343 affert,

200 357 450 399 omissionem
504 358 660 399 0111111110
715 370 793 398 11011
833 369 922 399 esse
964 357 1223 407 contendere,
1270 359 1439 399 maxime
1481 361 1614 400 tamen
1654 391 1656 393 .

200 423 410 464 immerito.
467 422 548 462 Ad
569 423 779 464 secundam
820 425 956 463 autem
994 415 1139 463 seriem
1180 422 1290 462 addit
1328 422 1377 462 G.
1406 423 1432 462 9
1469 426 1512 463 61
1550 423 1612 472 13,

201 486 422 537 complures
463 489 598 528 autem
638 487 743 527 locos
771 486 930 528 omittit.
979 486 1100 527 Plura
1127 486 1365 528 Schmidtius
1384 487 1469 537 ipse
1495 486 1614 528 colle·

199 553 304 603 gisse
332 552 503 601 videtur,
533 553 603 593 sed
631 564 679 592 ea
708 552 893 603 quoniam
920 556 1061 602 postea
1087 553 1171 603 ipse
1192 552 1502 602 investigaturus
1528 563 1615 593 sum

200 629 289 658 cum
302 627 405 657 nunc
421 617 612 666 omittam,
628 617 725 657 satis
742 616 868 657 habeo
884 616 1113 666 affirmasse,
1132 629 1210 658 non
1230 620 1338 658 recte
1357 616 1615 657 Schmidtium

200 681 302 721 Dial.
344 682 363 721 1
402 683 465 732 (ut
500 685 571 721 aut
606 681 655 721 de
683 681 851 731 ingeniis
889 682 1034 721 nostris
1070 682 1172 722 male
1203 681 1509 722 existimandum
1522 685 1548 728 Ῑ
1580 682 1614 722 si

200 744 306 785 idem
334 745 490 795 assequi
517 756 722 794 possumus
750 744 819 796 -—)
858 745 1067 785 lectionem
1103 746 1211 785 codd.
1250 744 1461 785 defendere
1499 756 1614 785 cona-

201 813 286 850 tum
304 821 403 850 esse.
454 810 696 860 Quamquam
711 809 815 849 enim
831 809 1051 860 analogiam
1071 809 1191 850 affere
1209 810 1349 860 potuit,
1378 808 1614 849 Schmidtius

202 886 251 914 ex
280 874 327 914 D.
357 875 422 922 31,
465 876 514 914 14
557 873 641 926 (qui
683 874 756 913 scit
784 874 917 923 quitis
950 875 1010 914 ira
1038 898 1090 902 -—
1118 875 1185 924 qai
1214 875 1287 914 scit
1324 874 1417 924 quid
1454 874 1505 913 sit
1542 874 1613 913 mi-

202 937 433 987 sericordia)
464 940 597 977 tamen
625 937 775 977 duobus
804 938 879 977 illis
922 938 1015 978 locis
1042 939 1216 988 Lipsium
1244 941 1353 978 recte
1380 940 1433 976 sit
1460 938 1500 977 in
1528 941 1613 978 tex-

202 1005 287 1041 tum
330 1001 558 1052 adposuisse
600 1013 832 1051 persuasum
873 1002 1019 1052 habeo,
1064 1015 1150 1043 cum
1184 1004 1285 1044 tales
1322 1003 1549 1043 omissiones
1590 1015 1615 1042 a

202 1066 292 1106 stilo
330 1066 474 1116 dialogi
508 1066 656 1106 alienas
694 1078 780 1106 esse
818 1070 965 1117 putem.
1022 1067 1100 1107 Sed
1135 1080 1237 1107 nunc
1274 1068 1401 1118 ipsum
1418 1067 1615 1107 -Tacitum

203 1131 476 1181 inspiciamus!
506 1131 685 1170 Primum
714 1135 847 1171 autem
875 1132 1076 1172 videamus
1106 1133 1253 1183 scripta
1281 1132 1443 1172 minora.

314 1197 349 1236 1.
394 1196 453 1234 Dc
495 1197 656 1246 scriptis
700 1197 922 1236 minoribus.
939 1196 975 1250 ss)
1031 1198 1165 1248 Locos,
1204 1198 1344 1249 quibus
1382 1197 1615 1239 coniunctivi

203 1260 322 1311 positi
351 1264 453 1309 sunt,
485 1260 628 1301 afferre
657 1273 802 1311 operae
839 1274 916 1302 non
954 1266 1016 1303 est
1048 1263 1231 1313 pretium,
1270 1263 1340 1302 sed
1375 1261 1517 1302 sufficit
1552 1273 1616 1301 me

204 1324 402 1366 affirmare
441 1325 555 1375 longe
592 1325 771 1375 plurimis
799 1327 892 1366 locis
921 1327 1206 1367 coniunctivum
1233 1327 1336 1376 poni,
1374 1326 1616 1377 paucissimis

207 1390 349 1430 omitti.
407 1390 547 1440 Itaque
577 1390 845 1430 coniunctivus
872 1392 1094 1440 praesentis
1134 1392 1175 1430 in
1212 1391 1368 1441 scrIptis
1405 1390 1618 1430 minoribus

207 1454 329 1493 XXIII
358 1454 453 1493 locis
481 1454 693 1503 invenitur,
723 1455 835 1495 deest
863 1458 948 1495 ter:
978 1455 1023 1495 G.
1061 1457 1119 1504 19,
1153 1457 1202 1496 13
1231 1454 1297 1507 (116
1326 1456 1407 1495 ulla
1434 1455 1617 1505 cogitatio

206 1519 312 1560 ultra
321 1524 346 1567 Ῑ
372 1530 421 1559 ne
446 1519 598 1569 longior
625 1519 827 1569 cupiditas,
857 1520 1111 1571 ne—ament)
1137 1521 1177 1560 in
1206 1525 1271 1560 611ο
1304 1520 1447 1560 modali
1476 1520 1522 1560 G.
1552 1520 1616 1569 39,

210 1585 259 1625 10
290 1584 510 1637 (tamquam
538 1584 592 1624 ibi
629 1585 741 1625 initia
769 1585 909 1635 gentis,
940 1585 993 1625 ibi
1034 1588 1222 1636 regnator
1260 1586 1430 1625 omnium
1458 1585 1617 1636 deuss),

207 1650 248 1689 in
277 1650 509 1700 quaestione
549 1650 741 1689 indirecta
769 1650 815 1690 G.
847 1651 882 1698 9,
912 1652 938 1690 4
977 1650 1097 1701 (unde
1135 1662 1252 1690 causa
1290 1653 1332 1690 61
1366 1650 1475 1700 origo
1503 1661 1618 1700 pere-

206 1715 320 1764 grino
348 1725 460 1754 sacro
496 1726 636 1764 parum
670 1715 857 1764 comperi)
873 1714 944 1767 **).
988 1715 1265 1755 Coniunctivus
1293 1714 1512 1765 imperfecti
1549 1726 1618 1764 po-

205 1779 305 1818 situs
333 1782 395 1818 est
412 1779 530 1817 XVIII
558 1778 664 1827 locis,
703 1779 951 1819 desideratur
971 1782 1066 1819 ten:
1096 1779 1137 1818 in
1165 1779 1370 1819 enuntiato
1399 1779 1619 1818 concessivo

205 1843 303 1893 Agr.
332 1844 370 1891 6,
401 1843 422 1882 7
455 1842 707 1894 (quamquam
736 1846 778 1883 et
813 1844 1013 1893 provincia
1049 1844 1158 1883 dives
1194 1855 1240 1882 ac
1278 1846 1420 1892 parata
1455 1854 1618 1892 peccan-

204 1906 346 1954 tibus!
371 1910 414 1946 et
441 1929 493 1934 —
521 1907 800 1956 redempturus
828 1905 966 1958 esset),
1000 1908 1040 1947 in
1076 1908 1226 1957 protasi
1254 1906 1313 1947 eni
1347 1906 1619 1947 condicionalis

205 1972 300 2021 Agr.
331 1972 395 2019 24,
428 1973 479 2011 14
517 1972 567 2023 (si
603 1972 780 2011 Romana
818 1972 962 2022 ubique
1000 1984 1110 2011 arma
1146 1975 1189 2011 et
1206 1972 1323 2011 ⁴velut
1359 1983 1382 2011 6
1411 1974 1620 2020 conspectu

205 2035 370 2076 libertas
408 2034 635 2087 tolleretur)
674 2034 719 2074 cf.
750 2036 941 2086 Draeger,
980 2036 1021 2075 in
1048 2041 1116 2076 611ο
1149 2035 1358 2086 temporali
1394 2035 1490 2085 Agr.
1527 2035 1565 2083 9,
1594 2035 1619 2075 9

207 2099 293 2151 (ubi
321 2103 536 2140 conventus
564 2111 609 2140 ac
637 2100 780 2140 iudicia
806 2104 1027 2150 poscerent,
1055 2101 1188 2150 gravis
1207 2123 1259 2127 ——
1277 2100 1345 2139 ubi
1372 2098 1497 2139 officio
1524 2099 1620 2139 satis

207 2164 390 2212 factuml'
414 2164 522 2203 nulla
559 2164 667 2204 ultra
703 2165 914 2213 potestatis
950 2172 1148 2214 persona).
1216 2163 1493 2203 Coniunctivus
1528 2175 1619 2213 per—

206 2228 300 2268 fecti
328 2228 496 2268 omissus
524 2231 587 2268 est
622 2228 671 2268 D.
706 2229 765 2276 18,
797 2229 847 2267 12
884 2228 974 2280 (1166
1013 2240 1159 2278 quaero
1188 2229 1274 2279 quis
1311 2228 1619 2278 disertissimus),

206 2292 368 2342 ponitur
394 2292 489 2342 Agr.
520 2293 559 2341 9,
601 2293 663 2332 13.
691 2293 757 2340 33,
796 2293 858 2331 24.
892 2293 953 2341 15,
992 2293 1030 2332 9.
1085 2292 1362 2332 Coniunctivus
1395 2282 1619 2342 plusquam-

292 2440 321 2481 “)
345 2440 398 2473 De
424 2440 628 2473 coniunctivi
650 2450 713 2473 usu
735 2440 892 2472 Tacitino
914 2439 956 2472 cf.
977 2440 1241 2482 Jungklaussen,
1262 2451 1294 2482 p.
1318 2442 1338 2472 6
1360 2450 1435 2483 sqq.

271 2493 328 2536 θ’)
350 2494 391 2527 D.
415 2495 468 2537 31,
494 2496 543 2536 14,
566 2493 608 2527 de
632 2503 699 2536 qno
723 2493 799 2527 1060
821 2503 924 2536 supra
945 2493 1016 2527 dixi
1032 2518 1042 2536 ‚
1063 2504 1131 2527 11011
1153 2494 1219 2527 11116
1239 2494 1397 2536 pertinet.
