1804 2909
316 252 550 303 Exemplum
600 253 731 293 omissi
781 252 875 293 coni¹
910 252 1130 304 imperfecti
1174 264 1223 294 ex
1273 252 1460 295 Cicerone
1501 251 1618 295 affert
1644 223 1667 285 γῆ
1687 221 1710 295 ΔῘ..

206 315 388 366 Draeger
408 316 457 369 (ἓ.
474 315 542 369 36)
563 316 647 358 har.
669 328 772 367 resp.
794 318 830 366 8,
855 316 905 357 17
935 316 1004 370 (an
1023 317 1261 358 tacuissem?
1288 318 1520 366 desertum't
1546 328 1616 361 ne·
1694 314 1696 316 ’
1769 308 1804 386 >J

206 378 387 433 gotium).
418 404 470 410 -—-
497 382 558 423 De
588 380 698 423 Caes.
727 381 818 423 bell.
848 382 948 423 Gall.
979 382 1010 424 Ι.
1038 384 1103 424 43.
1142 382 1269 434 (Quod
1296 394 1369 424 rex
1395 383 1617 435 appellatus

206 450 316 485 esset
360 458 384 485 a
426 450 586 495 senatu,
640 447 743 497 quod
785 447 931 486 amicus
944 451 980 495 [,
1025 447 1127 497 quod
1174 458 1339 487 munera
1380 447 1617 497 amplissima

205 511 324 551 missa
338 510 377 562 I)
408 511 512 552 idem
540 511 650 551 valet
678 511 781 561 quod
810 523 929 561 supra
957 511 1005 551 de
1033 511 1176 551 Justin.
1205 510 1266 551 111.
1299 512 1320 551 1
1350 511 1436 551 dixi,
1493 511 1616 552 Locos

205 574 387 614 Livianos
422 578 557 614 autem
593 574 711 614 Fabri
745 575 795 614 ad
833 575 945 615 XXII.
985 576 1050 623 31,
1096 576 1143 614 11
1183 573 1266 626 (qui
1301 587 1373 625 pro
1409 575 1614 624 dictatore,

204 638 285 678 scil.
316 637 438 691 esset)
471 639 639 689 collegit,
670 642 761 679 sunt
798 642 932 679 autem
959 638 1016 678 hi:
1056 638 1168 679 xxn.
1197 640 1262 689 44,
1292 640 1314 680 7
1350 638 1531 692 (Videret
1557 641 1613 689 ut,

204 702 345 751 quibus
372 703 505 751 lingua
522 707 705 752 prompta
731 714 777 741 ac
800 703 1012 742 temeraria
1025 707 1058 751 Ῑ,
1090 714 1214 752 aeque
1232 704 1271 742 in
1289 714 1420 753 pugna
1436 704 1616 752 vigerent

204 764 360 817 manus)
390 767 454 815 52,
485 767 510 805 5
547 765 605 819 (et
632 767 665 806 si
694 766 786 816 quid
815 765 1034 819 argentil)‚
1063 766 1112 807 de
1145 778 1221 817 quo
1257 766 1340 808 loco
1362 759 1509 808 'tamen
1544 767 1614 807 du-

203 830 368 879 bitatur,
408 832 467 869 lv.
499 832 551 871 53
589 834 687 871 extr.
727 830 943 882 (tamquam
980 830 1085 870 haud
1123 831 1261 871 dubius
1297 832 1402 872 inter
1437 832 1615 872 tribunos

204 894 373 933 militum
418 894 540 934 honos
591 895 784 944 Maeniis,
837 896 869 935 si
906 898 1084 945 peteret,
1131 895 1397 937 consularibus
1431 895 1615 936 --comitiis

206 962 268 998 est
297 958 507 1011 exclusus.)
538 959 679 999 XXVI.
697 960 745 999 27
775 963 863 1009 post
888 959 972 999 init.
1004 960 1088 1009 (qui
1116 971 1281 1010 quorum
1302 971 1422 1011 opera
1457 960 1497 999 id
1525 970 1614 999 con-

203 1022 341 1063 flatum
369 1023 590 1063 incendium
606 1027 632 1070 Ῑ
655 1022 955 1074 profiterentur)
977 1024 1104 1062 XLIV.
1126 1025 1153 1063 4
1180 1024 1231 1063 in.
1249 1023 1476 1076 (maioribus
1496 1023 1615 1074 copiis

204 1090 325 1136 atque
355 1086 535 1127 infestius
563 1098 792 1127 concursum
821 1088 870 1127 ab
898 1088 974 1128 illis
988 1092 1022 1137 [,
1051 1088 1084 1127 si
1111 1089 1185 1128 loci
1217 1090 1313 1129 satis
1341 1089 1391 1128 ad
1419 1088 1614 1138 explican-

205 1151 295 1190 dam
323 1151 447 1190 aciem
474 1150 641 1203 fuisset).
670 1152 753 1201 Ego
782 1153 881 1192 addo
896 1153 997 1193 XXI.
1019 1154 1077 1202 15,
1107 1154 1132 1192 3
1162 1153 1316 1203 (octavo
1335 1164 1469 1193 mense
1498 1164 1615 1203 quam

205 1217 417 1264 coeptum(
447 1215 666 1264 oppugnari
683 1215 899 1265 Saguntum
915 1216 1074 1266 quidam
1093 1215 1315 1268 scripsere).
1357 1216 1416 1255 Ex
1431 1216 1614 1256 Sallustio

207 1278 436 1319 Dietschius
465 1280 505 1328 1.,
532 1291 570 1329 p.
600 1280 651 1319 47
681 1280 838 1330 collegit
865 1280 954 1330 Jug.
982 1280 1047 1328 53,
1064 1280 1086 1319 7
1117 1278 1175 1332 (et
1201 1291 1327 1330 paene
1353 1280 1617 1331 imprudentia

206 1344 419 1383 admissum
433 1347 457 1389 Ῑ
491 1341 641 1383 facinus
670 1344 905 1392 miserabile,
935 1344 975 1383 ni
995 1344 1192 1394 utrimque
1220 1345 1426 1394 praemissi
1461 1345 1615 1395 equites

206 1420 291 1449 rem
313 1408 635 1458 exploravissent.
678 1409 769 1460 Jug.
788 1409 875 1458 113,
895 1411 914 1449 1
931 1408 1155 1449 Dietschius
1170 1408 1318 1449 refutat
1333 1412 1375 1449 et
1388 1408 1614 1459 Draegerus

208 1473 335 1523 (Synt.
379 1474 412 1522 ἕ.
451 1473 515 1520 36,
555 1474 596 1522 6)
640 1473 835 1512 immerito
872 1473 1033 1522 recepit,
1077 1484 1205 1521 neque
1250 1473 1469 1521 exemplum
1511 1472 1615 1522 quod

206 1536 304 1577 Rob.
335 1536 571 1576 Schmidtius
599 1540 662 1586 pg.
686 1538 708 1576 7
739 1536 847 1576 addit
875 1536 992 1589 (Hist.
1008 1536 1072 1577 IV.
1089 1537 1153 1585 61,
1183 1534 1224 1589 2)
1252 1536 1521 1587 incorruptum
1555 1537 1614 1577 vi-

205 1602 321 1641 detur
349 1612 447 1640 esse.
506 1601 653 1640 Contra
681 1613 753 1650 ego
782 1613 830 1641 ex
858 1602 984 1651 poetis
1013 1602 1089 1640 duo
1118 1605 1228 1640 certa
1255 1602 1434 1651 exempla
1467 1602 1618 1641 addere-

203 1677 372 1716 possum,
403 1665 511 1715 Virg.
538 1665 635 1705 Aen.
666 1666 692 1704 1.
722 1665 797 1706 751
821 1666 939 1718 (nunc
966 1665 1102 1716 quales
1123 1664 1320 1705 Diomedis
1348 1664 1439 1715 equi
1448 1664 1482 1716 [,
1511 1674 1614 1704 nunc

204 1734 375 1781 quantus
414 1729 584 1769 Achilles
597 1727 636 1780 I)
679 1733 721 1769 et
761 1730 856 1770 Hor.
900 1734 991 1770 satt.
1033 1731 1078 1770 11.
1123 1730 1160 1778 3,
1203 1730 1256 1769 85
1298 1741 1382 1780 sqq.
1449 1730 1516 1780 (Ni
1558 1730 1614 1769 sic

203 1794 400 1842 fecissent,
449 1794 711 1844 gladiatorum
748 1794 843 1834 dare
882 1798 1039 1834 centum
1066 1793 1251 1833 Damnati
1263 1797 1289 1842 [
1321 1793 1464 1844 populo
1500 1793 1615 1844 paria

204 1863 325 1910 atque
364 1859 523 1909 epulum
552 1858 715 1898 arbitrio
744 1858 867 1908 Arri).
911 1859 1033 1898 Simul
1068 1858 1189 1899 etiam
1225 1858 1325 1898 addo
1362 1858 1458 1898 duos
1494 1858 1610 1907 locos,

205 1923 347 1974 quibus
384 1923 650 1962 coniunctivus
679 1922 844 1972 perfecti
873 1926 913 1963 et
940 1921 1313 1973 plusquamperfecti
1350 1922 1514 1962 omissus
1546 1922 1613 1962 *est

204 1987 282 2027 Cic.
312 1987 360 2027 de
396 1987 471 2026 div.
511 1987 547 2035 2,
578 1988 628 2026 68
660 1987 822 2037 (quaero
851 1998 920 2027 cnr
955 1986 1176 2026 Alexandro
1204 1990 1284 2026 tam
1321 1985 1474 2026 illustre
1511 1997 1611 2026 som-

203 2053 337 2092 nium?
365 2052 444 2092 scil.
474 2049 610 2103 fuerit)
639 2051 759 2102 etp-ad
786 2051 870 2091 Att.
900 2052 937 2100 2,
967 2052 1004 2100 5,
1034 2051 1059 2090 2
1095 2049 1251 2103 (vellem
1281 2049 1329 2089 ab
1367 2049 1490 2099 initio,
1530 2049 1610 2092 scil.

203 2117 393 2167 fuissem.)

311 2182 420 2228 Quae
448 2181 628 2229 exempla
648 2181 702 2220 sic
730 2179 814 2220 fere
835 2179 1074 2230 disponenda
1094 2182 1196 2218 sunt.
1225 2178 1271 2217 In
1299 2178 1610 2228 interrogatione

204 2245 395 2286 indirecta
425 2244 692 2284 coniunctivus
721 2244 917 2283 omittitur
935 2243 1044 2293 Virg.
1073 2243 1170 2283 Aen.
1192 2242 1223 2282 Ι.
1253 2242 1343 2282 751.
1363 2241 1445 2282 Liv.
1467 2242 1607 2285 XXVI.

203 2311 252 2350 27
284 2310 361 2349 Cic.
400 2310 449 2348 de
487 2310 563 2348 div.
593 2310 629 2357 2,
670 2310 733 2349 68.
789 2310 920 2359 Atque
963 2309 1002 2347 in
1039 2307 1087 2346 iis
1125 2306 1340 2346 enuntiatis
1381 2306 1484 2346 alter
1520 2318 1609 2347 con-

202 2375 396 2416 iunctivus
434 2385 557 2424 prope
599 2378 737 2415 extare
779 2385 856 2414 non
898 2373 1017 2414 debet
1057 2384 1185 2423 neque
1227 2384 1276 2413 ea
1316 2370 1460 2421 valent,
1504 2384 1607 2424 quae

203 2440 334 2481 Haase
372 2440 420 2479 de
459 2439 666 2479 omissione
704 2439 938 2479 coniunctivi
975 2437 1192 2488 imperfecti
1229 2438 1338 2478 dixit.
1395 2437 1542 2478 Contra
1569 2439 1609 2478 in

202 2506 288 2546 aliis
317 2505 533 2546 enuntiatis
570 2516 726 2555 semper
754 2505 853 2544 alius
886 2504 1164 2554 coniunctivus,
1204 2504 1270 2553 qui
1305 2515 1428 2554 prope
1454 2510 1609 2558 exstat,
