1804 2909
1619 0 1804 253 Ἰ

237 301 349 343 cilium
374 304 470 353 puto
498 302 863 348 notheHectmos
890 312 989 351 esse,
1027 300 1061 341 si
1089 303 1208 341 antea
1234 299 1350 350 plura
1389 310 1437 339 ex
1473 298 1641 350 scripto-

237 365 348 407 ribus
360 366 560 408 ‘Romanis
587 368 870 419 collegerimus.

344 430 518 472 Primum
570 432 748 482 exempla
800 430 1035 471 coniunctivi
1077 429 1297 481 praesentis
1349 429 1640 479 investigemus.

241 494 300 534 Ex
329 494 515 537 Cicerone
544 500 677 537 autem
703 496 822 536 Beier
859 495 909 534 ad
946 493 1007 534 off.
1037 494 1068 534 Ι.
1098 494 1130 545 ξ.
1161 493 1213 533 58
1243 490 1292 545 (si
1318 514 1372 522 —
1401 493 1640 543 comparatio

238 558 319 610 fiat,
348 560 487 612 quibus
515 561 725 612 plurimum
752 559 1004 600 tribuendum
1041 556 1157 610 offici)
1195 556 1311 597 affert
1346 560 1455 597 recte
1490 557 1538 597 de
1581 556 1644 597 off.

180 671 183 674 Δ
242 625 272 666 I.
301 625 335 676 ξ.
368 626 441 666 152
470 626 620 677 (potest
647 625 819 665 incidere
850 622 1100 673 comparatio,
1140 621 1189 662 de
1227 620 1377 661 duobus
1414 625 1547 661 utrum
1574 620 1644 660 ho-

239 688 419 742 nestius),
448 701 613 741 quorum
640 690 814 729 locorum
852 688 954 728 alter
991 690 1101 727 certa
1138 685 1213 725 fide
1253 680 1422 726 traditus
1458 697 1535 725 non
1571 680 1644 734 est,

242 765 328 792 cum
355 752 528 794 nonnulli
548 754 656 794 codd.
677 756 767 802 post
795 752 1035 790 tribuendum
1053 752 1120 788 sit
1144 749 1365 798 exhibeant,
1395 750 1497 789 alter
1525 750 1645 789 addu-

240 806 477 857 bitari'non'
519 817 648 857 debet.
703 816 764 856 Ex
804 815 1000 855 historicis
1040 814 1221 864 Draeger
1266 814 1431 866 (Syntax
1476 814 1509 865 ξ.
1552 813 1646 865 366)

240 880 356 921 affert
409 881 551 921 Justin.
585 881 657 919 lll.
714 882 733 920 1
779 880 840 930 (ut
878 883 993 929 pater
1020 879 1104 918 eius
1141 879 1289 918 occisus
1325 879 1388 927 sit,
1433 882 1479 918 ut
1520 878 1646 918 frater

238 944 337 985 falsa
363 944 562 994 parricidii
598 944 815 994 suspicione
844 954 1051 993 oppressus
1066 942 1118 994 I),
1157 955 1233 993 quo
1270 942 1354 982 loco
1391 943 1546 982 omissio
1583 943 1647 982 vix

240 1009 362 1049 statui
398 1011 541 1058 potest.
598 1007 773 1048 Sallustii
808 1010 941 1048 autem
978 1009 1155 1058 exempla
1191 1008 1414 1050 Dietschius
1452 1009 1479 1048 1.
1514 1020 1552 1058 p.
1594 1006 1645 1047 47

240 1072 441 1112 tractavit.
503 1071 683 1111 Pertinet
730 1072 833 1111 enim
876 1072 950 1112 huc
995 1073 1020 1112 J
1022 1084 1083 1123 ug.
1113 1074 1177 1122 88,
1208 1075 1232 1114 6
1270 1072 1326 1125 (id
1353 1073 1646 1113 simulaveritne

244 1147 320 1187 quo
348 1135 581 1185 improvisus
608 1136 765 1185 gravior
793 1137 999 1177 accederet
1026 1150 1075 1178 an
1102 1138 1320 1178 mobilitate
1349 1138 1480 1187 ingeni
1511 1149 1648 1188 pacem

241 1205 360 1252 atque
400 1201 545 1242 bellum
586 1205 739 1242 mutare
776 1202 913 1242 solitus
926 1206 952 1250 [
985 1214 1124 1252 parum
1162 1202 1408 1252 exploratum
1449 1204 1538 1252 est),
1581 1202 1649 1242 ubi

241 1265 465 1307 Dietschius
485 1266 669 1306 adnotat:
701 1278 1001 1317 „praegressum
1020 1269 1310 1307 simulaveritne
1337 1267 1435 1307 lenit
1451 1267 1647 1316 duritiam,

242 1331 356 1371 simul
383 1331 559 1380 adparet,
590 1332 622 1370 si
650 1333 701 1370 sit
734 1332 959 1372 adiunctum
996 1336 1112 1382 esset,
1148 1345 1223 1373 non
1249 1336 1332 1372 tam
1355 1333 1403 1372 de
1421 1332 1516 1372 vitio
1534 1344 1651 1382 quam

244 1396 347 1446 quod
374 1399 459 1435 tum
485 1394 642 1435 fecisset
669 1396 712 1435 B.
733 1397 896 1446 cogitari
923 1397 1134 1447 potuisse.“
1153 1420 1204 1425 —
1221 1397 1280 1437 Ex
1307 1397 1471 1437 Horatio
1500 1399 1651 1436 certum

247 1459 466 1509 exemplum
502 1463 633 1499 exstat
670 1463 761 1500 satt.
799 1461 843 1500 11.
872 1461 910 1509 4,
951 1462 1000 1502 10
1037 1460 1125 1512 (ede
1162 1461 1327 1501 hominis
1360 1471 1501 1500 nomen
1539 1459 1654 1499 simul

248 1528 290 1564 et
318 1523 386 1575 [an
413 1523 593 1575 Aldinae]
636 1524 832 1565 Romanus
860 1537 909 1564 an
938 1524 1080 1576 hospes
1093 1523 1132 1577 s)
1148 1526 1198 1576 *),
1238 1537 1286 1565 ex
1313 1524 1478 1575 Virgilio
1506 1524 1605 1564 Aen.
1623 1524 1651 1562 1.

247 1589 326 1629 516
369 1588 630 1639 (dissimulant
668 1592 710 1629 et
750 1589 853 1629 nube
897 1601 993 1629 cava
1035 1590 1287 1640 speculantur
1328 1589 1473 1629 amicti.
1542 1589 1651 1637 Quae

247 1652 406 1707 fortuna
432 1653 527 1693 viris
540 1652 574 1703 l,
604 1653 765 1694 classem
794 1665 871 1705 quo
898 1654 1014 1695 litore
1040 1653 1247 1707 linquant),
1277 1655 1321 1695 11.
1339 1655 1420 1695 390
1447 1653 1574 1705 (dolus
1602 1665 1653 1693 an

800 195 1064 235 -49-

245 1718 371 1757 virtus
387 1722 412 1764 Ῑ
437 1718 522 1768 quis
560 1718 600 1757 in
632 1717 745 1758 hoste
773 1716 980 1770 requirat),
1010 1719 1060 1758 ad
1097 1731 1213 1769 quem
1246 1720 1372 1759 locum
1399 1718 1537 1768 Heyne
1575 1720 1654 1767 „sit

245 1781 503 1822 adhibeatu1·“
547 1782 720 1823 adnotat.
763 1805 805 1811 —
856 1782 1042 1823 Omnibus
1070 1785 1191 1834 igitur
1227 1784 1333 1833 locis,
1373 1783 1512 1834 quibus
1549 1782 1652 1833 apud

245 1849 456 1899 scriptores
483 1848 678 1888 Romanos
705 1851 867 1898 praeter
883 1849 1060 1888 Tacitum
1086 1850 1139 1887 sit
1166 1848 1426 1897 desideratur,
1456 1850 1652 1898 quatenus

245 1914 394 1964 collegi,
424 1914 463 1953 in
502 1914 732 1964 quaestione
770 1914 962 1954 indirecta
990 1914 1122 1962 deest;
1160 1914 1200 1952 in
1237 1914 1466 1964 quaestione
1500 1912 1651 1952 directa

244 1982 378 2019 autem
406 1984 464 2018 est
491 1977 671 2018 facillime
699 1978 824 2019 omitti
852 1990 968 2029 quem
994 1978 1120 2028 fugit?
1164 1978 1294 2026 Quare
1322 1978 1361 2017 id
1389 1977 1491 2029 quod
1518 1977 1649 2016 Haase

244 2043 292 2082 de
321 2043 528 2082 omissione
556 2043 787 2082 coniunctivi
823 2043 1042 2092 praesentis
1070 2043 1177 2091 dixit,
1215 2045 1324 2082 recte
1352 2041 1477 2081 adhuc
1505 2052 1546 2081 se
1575 2040 1644 2080 ha-

243 2106 339 2147 bere
381 2107 617 2147 censendum
659 2111 733 2148 est.
790 2106 867 2147 Sed
904 2108 996 2159 quid
1032 2108 1081 2147 de
1114 2108 1246 2147 Tacito
1282 2107 1508 2155 sentiamus,
1547 2105 1650 2146 infra

243 2171 530 2221 demonstrabo,
560 2183 661 2211 nunc
690 2172 739 2211 ad
767 2171 1039 2222 imperfectum
1066 2175 1325 2211 transeamus.

328 2363 359 2405 ·)
383 2364 506 2398 Incerti
527 2363 561 2397 hi
583 2364 647 2398 loci
670 2368 761 2399 sunt:
785 2369 863 2399 satt.
879 2364 916 2399 ll.
931 2367 961 2408 2,
985 2365 1025 2400 66
1048 2364 1200 2408 (mundus
1223 2364 1296 2408 erit,
1320 2374 1385 2407 qua
1407 2374 1472 2398 non
1497 2364 1650 2399 offendat

243 2417 396 2452 sordibus
432 2423 534 2460 atque
563 2419 598 2452 in
628 2423 781 2452 neutram
810 2423 941 2461 partem
976 2420 1084 2452 cultus
1114 2420 1215 2452 miser
1227 2419 1271 2462 Ι),
1308 2420 1366 2452 ubi
1399 2429 1460 2462 pro
1493 2420 1647 2464 offendat

242 2470 343 2504 etiam
365 2470 506 2513 offendit
527 2475 561 2505 et
591 2471 737 2515 offendet
758 2473 915 2506 traditum
938 2476 1002 2515 est,
1031 2477 1067 2507 et
1089 2483 1163 2516 epp.
1193 2474 1219 2507 1.
1244 2475 1275 2516 3,
1297 2475 1337 2506 30
1361 2474 1404 2517 (si
1426 2474 1487 2508 tibi
1509 2484 1609 2509 curae
1625 2477 1654 2506 Γ

243 2528 388 2566 quantae
421 2525 597 2559 conveniat
625 2526 818 2570 Munatius),
851 2527 909 2561 ubi
930 2527 1025 2560 multi
1048 2527 1143 2561 codd.
1176 2527 1232 2568 (cf.
1255 2527 1424 2569 Orellium)
1448 2538 1510 2570 pro
1541 2528 1571 2561 si
1603 2529 1649 2561 sit

242 2578 379 2622 hahent,
403 2579 490 2622 quod
512 2579 545 2612 in
558 2579 671 2614 Jahnii
691 2580 836 2615 editione
856 2581 935 2626 (cur.
947 2580 999 2614 Th
1024 2581 1168 2624 Schmid,
1190 2581 1270 2625 Lips
1288 2584 1379 2624 1865)
1399 2586 1573 2625 receptum
1586 2588 1648 2619 est,

1392 2650 1412 2681 4
