1804 2909
157 237 281 280 habet
307 250 491 290 magnum
517 242 783 289 momentum„
812 250 890 291 qua
909 239 958 281 de
978 251 1107 290 causa,
1131 251 1233 293 quae
1251 241 1342 292 dixi,
1370 240 1574 293 sufficiant,
1612 288 1616 291 ,
1640 258 1642 262 «

159 303 361 345 videamus
388 307 522 344 autem
549 304 723 345 maiora·

822 543 917 583 lv.

212 638 291 684 DE
326 636 872 686 CONIUNCTIVORUM
907 637 1087 688 VERBI
1132 636 1526 685 SUBSTANTIVI
1593 673 1600 677 ·

811 713 941 760 USU.

846 907 883 946 1.

564 981 621 1013 De
644 988 719 1013 usu
742 980 904 1013 aliorum
927 980 1170 1021 scriptorum.

268 1060 391 1101 Verbi
418 1060 654 1101 substantivi
699 1060 987 1100 coniunctivum
1014 1061 1226 1110 scriptores
1253 1062 1296 1100 et
1325 1063 1468 1109 poetae
1495 1059 1573 1098 Ro-

162 1124 271 1163 mani
299 1124 439 1174 quibus
467 1124 563 1164 locis
591 1125 807 1174 omiserint,
847 1135 988 1174 parum
1025 1135 1049 1163 a
1076 1123 1352 1175 grammaticis,
1391 1135 1487 1174 quos
1514 1123 1573 1162 in-

160 1188 311 1238 spicere
340 1188 436 1228 mihi
463 1189 585 1238 licuit,
616 1190 873 1230 constitutum
901 1200 988 1228 esse
1016 1188 1141 1229 video.
1193 1188 1295 1228 Nam
1322 1200 1372 1228 ne
1401 1187 1575 1228 Gossrau

162 1252 321 1303 quidem
358 1253 399 1292 in
440 1254 710 1294 recentissimo
747 1265 818 1294 suo
856 1263 975 1303 opere
1014 1253 1224 1304 quidquam
1261 1253 1311 1294 de
1347 1264 1392 1293 re
1421 1264 1470 1293 ea
1496 1252 1575 1293 dis-

159 1320 286 1366 putat.
344 1318 472 1364 Quam
499 1318 548 1358 ob
576 1330 662 1358 rem
690 1330 739 1358 ea
775 1322 930 1358 tantum
967 1317 1088 1357 affero
1131 1329 1232 1367 quae
1260 1317 1391 1357 Haase
1427 1317 1468 1356 in
1505 1316 1575 1356 ad-

159 1384 260 1421 nott.
289 1381 339 1420 ad
367 1381 530 1432 Reisigii
558 1383 764 1433 praelectt.
794 1383 981 1423 disseruit
1009 1381 1132 1435 (609).
1190 1381 1319 1432 Atque
1353 1381 1386 1420 is
1414 1380 1572 1431 quidem

162 1445 204 1484 in
232 1445 477 1485 coniunctivo
516 1447 738 1495 praesentis
771 1458 859 1487 eam
895 1447 1029 1486 valere
1058 1445 1229 1485 affirmat
1264 1446 1404 1495 legem,
1443 1447 1489 1484 ut
1523 1444 1572 1483 iis

160 1509 286 1549 solum
304 1509 399 1549 locis
418 1510 609 1551 orationis
627 1511 809 1562 obliquae
827 1511 1095 1551 coniunctivus
1112 1508 1253 1561 praes¹⁸
1279 1509 1417 1549 deesse
1435 1507 1570 1559 possit,

160 1572 227 1613 ubi
254 1574 295 1614 in
324 1575 504 1615 oratione
532 1575 684 1616 directa
724 1587 815 1616 eum
852 1576 1037 1616 omissum
1076 1587 1163 1616 esse
1201 1574 1456 1615 inveniamus.
1511 1572 1572 1612 De

159 1638 389 1688 imperfecto
417 1643 551 1680 autem
579 1639 677 1681 haec
714 1641 800 1681 eius
827 1645 920 1682 sunt
947 1640 1091 1682 verba:
1149 1639 1249 1690 „Die
1278 1639 1455 1689 wenigen
1481 1636 1572 1678 Bei-

160 1704 296 1753 spiele,
326 1704 471 1745 welche
499 1716 591 1744 man
619 1704 708 1746 fuer
735 1706 798 1745 die
827 1705 1069 1754 Auslassung
1096 1705 1166 1745 des
1185 1702 1343 1754 Imperf.
1373 1700 1572 1750 anfuehrt,

160 1768 232 1808 wie
260 1768 375 1808 Kritz
403 1768 496 1809 Sall.
525 1769 608 1819 Iug.
638 1770 703 1819 38,
732 1770 770 1810 5.
801 1771 864 1820 67,
898 1771 917 1809 1
946 1770 1026 1809 und
1054 1769 1184 1819 einige
1211 1768 1364 1809 Stellen
1400 1766 1470 1806 des
1497 1765 1573 1805 Ta-

160 1833 273 1881 citus,
303 1845 438 1873 wovon
467 1845 498 1873 s.
527 1834 710 1874 Walther
736 1847 786 1874 zu
813 1835 914 1875 Ann.
943 1835 1006 1874 Vl.
1035 1835 1100 1883 35,
1129 1834 1194 1882 43,
1224 1832 1309 1873 sind
1345 1830 1463 1871 theils
1503 1841 1573 1869 an-

162 1897 254 1937 ders
283 1909 332 1936 zu
360 1897 582 1946 erklaeren,
622 1898 742 1939 theils
779 1899 877 1949 liegt
904 1899 976 1939 der
1004 1898 1142 1939 Grund
1169 1898 1210 1937 in
1237 1897 1310 1937 der
1337 1905 1572 1945 ungenauen

158 1962 386 2012 Beziehung
423 1963 531 2003 eines
559 1962 670 2003 verbi
697 1962 797 2003 finiti
824 1964 865 2003 in
902 1964 1031 2003 einem
1059 1962 1323 2003 coordinirten
1352 1959 1469 2000 Satze
1497 1952 1578 1999 ‘auf

159 2026 229 2066 das
256 2027 467 2066 Praedicat
494 2028 534 2066 in
562 2028 691 2068 einem
719 2029 904 2078 anderen,
943 2029 1013 2069 das
1049 2028 1158 2068 nicht
1185 2028 1295 2067 ienes
1322 2027 1394 2065 mit
1422 2026 1573 2066 seinem

159 2091 336 2132 volleren
376 2092 546 2142 Begriff,
590 2093 760 2134 sondern
802 2094 867 2134 ein
915 2094 1214 2144 allgemeineres
1251 2091 1347 2131 oder
1389 2090 1459 2131 das
1501 2088 1572 2129 all-

158 2156 389 2206 gemeinste,
418 2157 482 2196 die
511 2156 670 2207 Copula,
711 2157 944 2207 erforderte,
974 2169 1053 2197 was
1081 2156 1174 2197 sehr
1201 2155 1374 2196 deutlich
1401 2155 1453 2194 ist
1483 2154 1572 2193 Tac.

159 2221 260 2260 Ann.
297 2221 329 2262 I.
368 2221 420 2262 32
435 2221 497 2274 *)“
555 2222 702 2271 Quibus
740 2223 790 2264 de
828 2222 958 2263 verbis
996 2222 1091 2273 quid
1128 2222 1182 2262 sit
1217 2219 1479 2269 iudicandum,
1516 2218 1574 2260 fa-

245 2371 278 2411 *)
311 2371 363 2404 De
397 2370 455 2404 illo
477 2370 552 2404 loco
565 2371 719 2407 Tacitino
733 2372 799 2406 iam
822 2372 966 2406 amultis
980 2375 1124 2406 tractato
1140 2381 1255 2407 rursus
1269 2371 1437 2406 disserere
1449 2369 1484 2403 in
1504 2377 1576 2403 rem

158 2433 226 2458 non
256 2429 318 2458 est.
355 2426 496 2467 Scripsit
526 2426 568 2460 de
602 2435 643 2460 eo
666 2427 765 2469 Greg.
790 2427 842 2460 W.
871 2426 1002 2469 Nitsch,
1024 2427 1169 2470 ⁸scholae
1191 2435 1326 2468 gramm.
1349 2425 1383 2458 in
1411 2424 1577 2467 Tacitum,

158 2480 236 2514 Kiel
263 2482 354 2523 1832,
387 2490 441 2523 pg.
464 2482 482 2513 3
506 2490 580 2525 sqq.
625 2474 775 2517 Pfitzner
795 2491 849 2525 pg.
876 2483 948 2516 145.
970 2499 1013 2505 -
1036 2481 1137 2514 certe
1168 2480 1233 2514 hoc
1261 2480 1336 2515 loco
1365 2488 1433 2513 non
1455 2477 1577 2521 copula

159 2534 347 2577 nupplenda
378 2539 442 2577 est,
474 2535 536 2569 sed
558 2534 695 2570 verbum
718 2535 848 2578 agendi.
894 2534 1010 2569 verba
1039 2539 1150 2570 autem
1173 2539 1252 2570 sunt
1280 2537 1364 2569 haec
1394 2534 1577 2568 secundum

158 2589 245 2625 codd
267 2589 378 2634 „quod
389 2599 499 2633 neque
513 2589 644 2625 disiecti
662 2590 708 2625 nil
719 2599 901 2634 paucorum
913 2589 1073 2625 instinctu
1094 2590 1154 2625 sed
1175 2591 1305 2634 pariter
1323 2590 1575 2625 ardescerent.“
