<?xml version="1.0" encoding="UTF-8"?>
<!DOCTYPE html PUBLIC "-//W3C//DTD XHTML 1.0 Transitional//EN"
    "http://www.w3.org/TR/xhtml1/DTD/xhtml1-transitional.dtd">
<html xmlns="http://www.w3.org/1999/xhtml" xml:lang="en" lang="en">
 <head>
  <title>
</title>
<meta http-equiv="Content-Type" content="text/html;charset=utf-8" />
  <meta name='ocr-system' content='tesseract 3.04.00' />
  <meta name='ocr-capabilities' content='ocr_page ocr_carea ocr_par ocr_line ocrx_word'/>
</head>
<body>
  <div class='ocr_page' id='page_1' title='image "4737239_0060.png"; bbox 0 0 1804 2909; ppageno 0'>
   <div class='ocr_carea' id='block_1_1' title="bbox 768 135 1035 176">
    <p class='ocr_par' dir='ltr' id='par_1_1' title="bbox 768 135 1035 176">
     <span class='ocr_line' id='line_1_1' title="bbox 768 135 1035 176; baseline 0.004 -12"><span class='ocrx_word' id='word_1_1' title='bbox 768 135 1035 176; x_wconf 70' lang='grc'>-46-</span> 
     </span>
    </p>
   </div>
   <div class='ocr_carea' id='block_1_2' title="bbox 191 240 1611 1773">
    <p class='ocr_par' dir='ltr' id='par_1_2' title="bbox 191 240 1611 1773">
     <span class='ocr_line' id='line_1_2' title="bbox 191 240 1606 296; baseline 0.002 -15"><span class='ocrx_word' id='word_1_2' title='bbox 191 240 359 282; x_wconf 88' lang='lat' dir='ltr'><strong>maxime</strong></span> <span class='ocrx_word' id='word_1_3' title='bbox 388 253 433 282; x_wconf 89' lang='lat' dir='ltr'><strong>ac</strong></span> <span class='ocrx_word' id='word_1_4' title='bbox 460 240 583 281; x_wconf 89' lang='lat' dir='ltr'><strong>multo</strong></span> <span class='ocrx_word' id='word_1_5' title='bbox 611 241 735 292; x_wconf 83' lang='lat' dir='ltr'><strong>magis</strong></span> <span class='ocrx_word' id='word_1_6' title='bbox 764 253 880 293; x_wconf 84' lang='lat' dir='ltr'><strong>quam</strong></span> <span class='ocrx_word' id='word_1_7' title='bbox 908 242 949 281; x_wconf 93' lang='lat' dir='ltr'><strong>in</strong></span> <span class='ocrx_word' id='word_1_8' title='bbox 976 253 1049 282; x_wconf 89' lang='lat' dir='ltr'><strong>usu</strong></span> <span class='ocrx_word' id='word_1_9' title='bbox 1066 240 1246 284; x_wconf 88' lang='lat' dir='ltr'><strong>infinitivi</strong></span> <span class='ocrx_word' id='word_1_10' title='bbox 1265 248 1385 296; x_wconf 86' lang='lat' dir='ltr'><strong>atque</strong></span> <span class='ocrx_word' id='word_1_11' title='bbox 1407 242 1606 286; x_wconf 80' lang='lat' dir='ltr'><strong>indicativi</strong></span> 
     </span>
     <span class='ocr_line' id='line_1_3' title="bbox 191 305 1606 364; baseline 0.002 -18"><span class='ocrx_word' id='word_1_12' title='bbox 191 307 413 357; x_wconf 88' lang='lat' dir='ltr'><strong>praesentis</strong></span> <span class='ocrx_word' id='word_1_13' title='bbox 442 318 466 346; x_wconf 90' lang='lat' dir='ltr'><strong>a</strong></span> <span class='ocrx_word' id='word_1_14' title='bbox 492 307 654 357; x_wconf 90' lang='lat' dir='ltr'><strong>reliquis</strong></span> <span class='ocrx_word' id='word_1_15' title='bbox 683 306 940 364; x_wconf 88' lang='lat' dir='ltr'><strong>scriptoribus</strong></span> <span class='ocrx_word' id='word_1_16' title='bbox 968 305 1136 355; x_wconf 87' lang='lat' dir='ltr'><strong>differre,</strong></span> <span class='ocrx_word' id='word_1_17' title='bbox 1166 307 1206 346; x_wconf 91' lang='lat' dir='ltr'><strong>id</strong></span> <span class='ocrx_word' id='word_1_18' title='bbox 1233 308 1336 358; x_wconf 88' lang='lat' dir='ltr'><strong>quod</strong></span> <span class='ocrx_word' id='word_1_19' title='bbox 1363 308 1533 349; x_wconf 90' lang='lat' dir='ltr'><strong>nondum</strong></span> <span class='ocrx_word' id='word_1_20' title='bbox 1565 308 1606 348; x_wconf 84' lang='lat' dir='ltr'><strong>in</strong></span> 
     </span>
     <span class='ocr_line' id='line_1_4' title="bbox 192 370 1607 423; baseline 0.001 -12"><span class='ocrx_word' id='word_1_21' title='bbox 192 371 366 422; x_wconf 83' lang='lat' dir='ltr'><strong>dialogo,</strong></span> <span class='ocrx_word' id='word_1_22' title='bbox 409 373 534 422; x_wconf 79' lang='lat' dir='ltr'><strong>magis</strong></span> <span class='ocrx_word' id='word_1_23' title='bbox 571 372 650 413; x_wconf 78' lang='lat' dir='ltr'><strong>iani</strong></span> <span class='ocrx_word' id='word_1_24' title='bbox 686 372 726 411; x_wconf 91' lang='lat' dir='ltr'><strong>in</strong></span> <span class='ocrx_word' id='word_1_25' title='bbox 753 370 938 422; x_wconf 86' lang='lat' dir='ltr'><strong>Agricola</strong></span> <span class='ocrx_word' id='word_1_26' title='bbox 974 370 1143 422; x_wconf 85' lang='lat' dir='ltr'><strong>perspici</strong></span> <span class='ocrx_word' id='word_1_27' title='bbox 1179 374 1322 421; x_wconf 89' lang='lat' dir='ltr'><strong>potest.</strong></span> <span class='ocrx_word' id='word_1_28' title='bbox 1378 372 1424 412; x_wconf 93' lang='lat' dir='ltr'><strong>In</strong></span> <span class='ocrx_word' id='word_1_29' title='bbox 1451 372 1607 423; x_wconf 89' lang='lat' dir='ltr'><strong>scriptis</strong></span> 
     </span>
     <span class='ocr_line' id='line_1_5' title="bbox 192 436 1606 488; baseline 0.001 -12"><span class='ocrx_word' id='word_1_30' title='bbox 192 437 406 477; x_wconf 87' lang='lat' dir='ltr'><strong>maioribus</strong></span> <span class='ocrx_word' id='word_1_31' title='bbox 435 441 581 486; x_wconf 89' lang='lat' dir='ltr'><strong>autem,</strong></span> <span class='ocrx_word' id='word_1_32' title='bbox 610 441 656 482; x_wconf 86' lang='lat' dir='ltr'><strong>ut</strong></span> <span class='ocrx_word' id='word_1_33' title='bbox 683 448 777 476; x_wconf 90' lang='lat' dir='ltr'><strong>usus</strong></span> <span class='ocrx_word' id='word_1_34' title='bbox 804 436 870 476; x_wconf 90' lang='lat' dir='ltr'><strong>ille</strong></span> <span class='ocrx_word' id='word_1_35' title='bbox 898 448 1081 486; x_wconf 83' lang='lat' dir='ltr'><strong>magnam</strong></span> <span class='ocrx_word' id='word_1_36' title='bbox 1109 436 1405 485; x_wconf 90' lang='lat' dir='ltr'><strong>amplitudinem</strong></span> <span class='ocrx_word' id='word_1_37' title='bbox 1433 440 1606 488; x_wconf 88' lang='lat' dir='ltr'><strong>caperet,</strong></span> 
     </span>
     <span class='ocr_line' id='line_1_6' title="bbox 191 498 1606 552; baseline 0 -11"><span class='ocrx_word' id='word_1_38' title='bbox 191 513 315 551; x_wconf 85' lang='lat' dir='ltr'><strong>genus</strong></span> <span class='ocrx_word' id='word_1_39' title='bbox 351 501 561 541; x_wconf 83' lang='lat' dir='ltr'><strong>historicae</strong></span> <span class='ocrx_word' id='word_1_40' title='bbox 596 498 834 541; x_wconf 80' lang='lat' dir='ltr'><strong>narrationis</strong></span> <span class='ocrx_word' id='word_1_41' title='bbox 871 500 1076 541; x_wconf 88' lang='lat' dir='ltr'><strong>efficiebat.</strong></span> <span class='ocrx_word' id='word_1_42' title='bbox 1133 500 1218 549; x_wconf 86' lang='lat' dir='ltr'><strong>Qua</strong></span> <span class='ocrx_word' id='word_1_43' title='bbox 1254 500 1294 539; x_wconf 90' lang='lat' dir='ltr'><strong>in</strong></span> <span class='ocrx_word' id='word_1_44' title='bbox 1321 512 1366 541; x_wconf 95' lang='lat' dir='ltr'><strong>re</strong></span> <span class='ocrx_word' id='word_1_45' title='bbox 1395 501 1472 541; x_wconf 89' lang='lat' dir='ltr'><strong>duo</strong></span> <span class='ocrx_word' id='word_1_46' title='bbox 1499 502 1606 552; x_wconf 91' lang='lat' dir='ltr'><strong>prin-</strong></span> 
     </span>
     <span class='ocr_line' id='line_1_7' title="bbox 192 565 1608 617; baseline 0 -11"><span class='ocrx_word' id='word_1_47' title='bbox 192 566 293 615; x_wconf 87' lang='lat' dir='ltr'><strong>cipia</strong></span> <span class='ocrx_word' id='word_1_48' title='bbox 321 576 478 615; x_wconf 83' lang='lat' dir='ltr'><strong>semper</strong></span> <span class='ocrx_word' id='word_1_49' title='bbox 505 565 600 605; x_wconf 91' lang='lat' dir='ltr'><strong>mihi</strong></span> <span class='ocrx_word' id='word_1_50' title='bbox 619 565 865 614; x_wconf 88' lang='lat' dir='ltr'><strong>respicienda</strong></span> <span class='ocrx_word' id='word_1_51' title='bbox 885 568 1012 605; x_wconf 88' lang='lat' dir='ltr'><strong>erant.</strong></span> <span class='ocrx_word' id='word_1_52' title='bbox 1067 565 1274 617; x_wconf 11' lang='lat' dir='ltr'><strong>Debebam,</strong></span> <span class='ocrx_word' id='word_1_53' title='bbox 1287 565 1391 605; x_wconf 91' lang='lat' dir='ltr'><strong>enim</strong></span> <span class='ocrx_word' id='word_1_54' title='bbox 1407 565 1608 616; x_wconf 82' lang='lat' dir='ltr'><strong>inquirere</strong></span> 
     </span>
     <span class='ocr_line' id='line_1_8' title="bbox 193 628 1608 681; baseline 0 -13"><span class='ocrx_word' id='word_1_55' title='bbox 193 629 333 681; x_wconf 90' lang='lat' dir='ltr'><strong>quibus</strong></span> <span class='ocrx_word' id='word_1_56' title='bbox 360 629 454 669; x_wconf 90' lang='lat' dir='ltr'><strong>locis</strong></span> <span class='ocrx_word' id='word_1_57' title='bbox 483 630 639 669; x_wconf 79' lang='lat' dir='ltr'><strong>Tacitus</strong></span> <span class='ocrx_word' id='word_1_58' title='bbox 668 629 833 669; x_wconf 87' lang='lat' dir='ltr'><strong>liberam</strong></span> <span class='ocrx_word' id='word_1_59' title='bbox 861 628 926 669; x_wconf 90' lang='lat' dir='ltr'><strong>vel</strong></span> <span class='ocrx_word' id='word_1_60' title='bbox 953 630 1124 679; x_wconf 92' lang='lat' dir='ltr'><strong>ponendi</strong></span> <span class='ocrx_word' id='word_1_61' title='bbox 1151 629 1214 669; x_wconf 89' lang='lat' dir='ltr'><strong>vel</strong></span> <span class='ocrx_word' id='word_1_62' title='bbox 1243 629 1451 669; x_wconf 89' lang='lat' dir='ltr'><strong>omittendi</strong></span> <span class='ocrx_word' id='word_1_63' title='bbox 1487 629 1608 669; x_wconf 93' lang='lat' dir='ltr'><strong>licen-</strong></span> 
     </span>
     <span class='ocr_line' id='line_1_9' title="bbox 192 693 1607 744; baseline -0.001 -10"><span class='ocrx_word' id='word_1_64' title='bbox 192 694 290 734; x_wconf 85' lang='lat' dir='ltr'><strong>tiam</strong></span> <span class='ocrx_word' id='word_1_65' title='bbox 324 693 510 734; x_wconf 91' lang='lat' dir='ltr'><strong>habuerit</strong></span> <span class='ocrx_word' id='word_1_66' title='bbox 547 697 590 734; x_wconf 90' lang='lat' dir='ltr'><strong>et</strong></span> <span class='ocrx_word' id='word_1_67' title='bbox 625 693 765 744; x_wconf 90' lang='lat' dir='ltr'><strong>quibus</strong></span> <span class='ocrx_word' id='word_1_68' title='bbox 803 694 996 734; x_wconf 87' lang='lat' dir='ltr'><strong>rationem</strong></span> <span class='ocrx_word' id='word_1_69' title='bbox 1031 694 1172 744; x_wconf 89' lang='lat' dir='ltr'><strong>prioris</strong></span> <span class='ocrx_word' id='word_1_70' title='bbox 1200 694 1344 734; x_wconf 89' lang='lat' dir='ltr'><strong>aetatis</strong></span> <span class='ocrx_word' id='word_1_71' title='bbox 1372 694 1607 744; x_wconf 87' lang='lat' dir='ltr'><strong>respexerit.</strong></span> 
     </span>
     <span class='ocr_line' id='line_1_10' title="bbox 192 757 1609 808; baseline 0 -11"><span class='ocrx_word' id='word_1_72' title='bbox 192 757 337 797; x_wconf 86' lang='lat' dir='ltr'><strong>Libera</strong></span> <span class='ocrx_word' id='word_1_73' title='bbox 366 761 500 797; x_wconf 87' lang='lat' dir='ltr'><strong>autem</strong></span> <span class='ocrx_word' id='word_1_74' title='bbox 528 761 704 807; x_wconf 89' lang='lat' dir='ltr'><strong>potestas</strong></span> <span class='ocrx_word' id='word_1_75' title='bbox 733 757 886 808; x_wconf 89' lang='lat' dir='ltr'><strong>quando</strong></span> <span class='ocrx_word' id='word_1_76' title='bbox 915 758 952 797; x_wconf 92' lang='lat' dir='ltr'><strong>ei</strong></span> <span class='ocrx_word' id='word_1_77' title='bbox 982 762 1081 806; x_wconf 89' lang='lat' dir='ltr'><strong>erat,</strong></span> <span class='ocrx_word' id='word_1_78' title='bbox 1112 758 1316 798; x_wconf 87' lang='lat' dir='ltr'><strong>discrimen</strong></span> <span class='ocrx_word' id='word_1_79' title='bbox 1344 758 1546 807; x_wconf 88' lang='lat' dir='ltr'><strong>positionis</strong></span> <span class='ocrx_word' id='word_1_80' title='bbox 1567 761 1609 798; x_wconf 89' lang='lat' dir='ltr'><strong>et</strong></span> 
     </span>
     <span class='ocr_line' id='line_1_11' title="bbox 194 822 1609 872; baseline 0 -11"><span class='ocrx_word' id='word_1_81' title='bbox 194 822 414 862; x_wconf 89' lang='lat' dir='ltr'><strong>omissionis</strong></span> <span class='ocrx_word' id='word_1_82' title='bbox 458 822 729 872; x_wconf 89' lang='lat' dir='ltr'><strong>exponendum</strong></span> <span class='ocrx_word' id='word_1_83' title='bbox 771 825 869 861; x_wconf 91' lang='lat' dir='ltr'><strong>erat.</strong></span> <span class='ocrx_word' id='word_1_84' title='bbox 927 822 1124 862; x_wconf 89' lang='lat' dir='ltr'><strong>Habebat·</strong></span> <span class='ocrx_word' id='word_1_85' title='bbox 1147 825 1280 862; x_wconf 87' lang='lat' dir='ltr'><strong>autem</strong></span> <span class='ocrx_word' id='word_1_86' title='bbox 1317 833 1405 862; x_wconf 90' lang='lat' dir='ltr'><strong>eam</strong></span> <span class='ocrx_word' id='word_1_87' title='bbox 1432 825 1540 862; x_wconf 90' lang='lat' dir='ltr'><strong>certe</strong></span> <span class='ocrx_word' id='word_1_88' title='bbox 1568 822 1609 861; x_wconf 90' lang='lat' dir='ltr'><strong>in</strong></span> 
     </span>
     <span class='ocr_line' id='line_1_12' title="bbox 193 886 1608 938; baseline 0.001 -13"><span class='ocrx_word' id='word_1_89' title='bbox 193 887 407 926; x_wconf 88' lang='lat' dir='ltr'><strong>enuntiatis</strong></span> <span class='ocrx_word' id='word_1_90' title='bbox 434 886 632 935; x_wconf 90' lang='lat' dir='ltr'><strong>primariis</strong></span> <span class='ocrx_word' id='word_1_91' title='bbox 660 887 943 936; x_wconf 84' lang='lat' dir='ltr'><strong>coniugationis</strong></span> <span class='ocrx_word' id='word_1_92' title='bbox 964 887 1286 937; x_wconf 86' lang='lat' dir='ltr'><strong>periphrasticae‚</strong></span> <span class='ocrx_word' id='word_1_93' title='bbox 1316 888 1420 938; x_wconf 89' lang='lat' dir='ltr'><strong>apud</strong></span> <span class='ocrx_word' id='word_1_94' title='bbox 1447 887 1608 927; x_wconf 86' lang='lat' dir='ltr'><strong>adiecti-</strong></span> 
     </span>
     <span class='ocr_line' id='line_1_13' title="bbox 191 950 1608 1001; baseline 0 -11"><span class='ocrx_word' id='word_1_95' title='bbox 191 962 302 999; x_wconf 90' lang='lat' dir='ltr'><strong>vum,</strong></span> <span class='ocrx_word' id='word_1_96' title='bbox 346 950 450 999; x_wconf 86' lang='lat' dir='ltr'><strong>apud</strong></span> <span class='ocrx_word' id='word_1_97' title='bbox 490 962 725 999; x_wconf 88' lang='lat' dir='ltr'><strong>pronomen,</strong></span> <span class='ocrx_word' id='word_1_98' title='bbox 768 951 870 1000; x_wconf 89' lang='lat' dir='ltr'><strong>apud</strong></span> <span class='ocrx_word' id='word_1_99' title='bbox 898 952 1232 1000; x_wconf 83' lang='lat' dir='ltr'><strong>praepositiones,</strong></span> <span class='ocrx_word' id='word_1_100' title='bbox 1277 952 1380 1001; x_wconf 90' lang='lat' dir='ltr'><strong>apud</strong></span> <span class='ocrx_word' id='word_1_101' title='bbox 1422 951 1608 991; x_wconf 88' lang='lat' dir='ltr'><strong>dativum.</strong></span> 
     </span>
     <span class='ocr_line' id='line_1_14' title="bbox 194 1014 1607 1067; baseline 0.001 -14"><span class='ocrx_word' id='word_1_102' title='bbox 194 1014 340 1054; x_wconf 88' lang='lat' dir='ltr'><strong>Contra</strong></span> <span class='ocrx_word' id='word_1_103' title='bbox 369 1014 473 1063; x_wconf 91' lang='lat' dir='ltr'><strong>apud</strong></span> <span class='ocrx_word' id='word_1_104' title='bbox 501 1014 800 1063; x_wconf 87' lang='lat' dir='ltr'><strong>substantivum,</strong></span> <span class='ocrx_word' id='word_1_105' title='bbox 831 1026 942 1055; x_wconf 90' lang='lat' dir='ltr'><strong>casus</strong></span> <span class='ocrx_word' id='word_1_106' title='bbox 971 1015 1158 1066; x_wconf 91' lang='lat' dir='ltr'><strong>obliquos,</strong></span> <span class='ocrx_word' id='word_1_107' title='bbox 1203 1015 1390 1055; x_wconf 89' lang='lat' dir='ltr'><strong>adverbia</strong></span> <span class='ocrx_word' id='word_1_108' title='bbox 1416 1015 1607 1067; x_wconf 87' lang='lat' dir='ltr'><strong>reliquiae</strong></span> 
     </span>
     <span class='ocr_line' id='line_1_15' title="bbox 192 1080 1610 1130; baseline 0 -11"><span class='ocrx_word' id='word_1_109' title='bbox 192 1080 348 1129; x_wconf 89' lang='lat' dir='ltr'><strong>pristini</strong></span> <span class='ocrx_word' id='word_1_110' title='bbox 390 1091 484 1118; x_wconf 91' lang='lat' dir='ltr'><strong>usus</strong></span> <span class='ocrx_word' id='word_1_111' title='bbox 512 1080 777 1121; x_wconf 85' lang='lat' dir='ltr'><strong>inveniuntur.</strong></span> <span class='ocrx_word' id='word_1_112' title='bbox 833 1080 983 1119; x_wconf 90' lang='lat' dir='ltr'><strong>Eadem</strong></span> <span class='ocrx_word' id='word_1_113' title='bbox 1020 1083 1153 1120; x_wconf 90' lang='lat' dir='ltr'><strong>autem</strong></span> <span class='ocrx_word' id='word_1_114' title='bbox 1189 1080 1381 1129; x_wconf 91' lang='lat' dir='ltr'><strong>condicio,</strong></span> <span class='ocrx_word' id='word_1_115' title='bbox 1425 1091 1526 1130; x_wconf 91' lang='lat' dir='ltr'><strong>quae</strong></span> <span class='ocrx_word' id='word_1_116' title='bbox 1569 1080 1610 1119; x_wconf 92' lang='lat' dir='ltr'><strong>in</strong></span> 
     </span>
     <span class='ocr_line' id='line_1_16' title="bbox 194 1144 1610 1194; baseline 0 -10"><span class='ocrx_word' id='word_1_117' title='bbox 194 1144 409 1184; x_wconf 86' lang='lat' dir='ltr'><strong>enuntiatis</strong></span> <span class='ocrx_word' id='word_1_118' title='bbox 437 1144 656 1193; x_wconf 85' lang='lat' dir='ltr'><strong>primariis,</strong></span> <span class='ocrx_word' id='word_1_119' title='bbox 694 1145 734 1183; x_wconf 93' lang='lat' dir='ltr'><strong>in</strong></span> <span class='ocrx_word' id='word_1_120' title='bbox 771 1145 986 1184; x_wconf 90' lang='lat' dir='ltr'><strong>enuntiatis</strong></span> <span class='ocrx_word' id='word_1_121' title='bbox 1014 1145 1191 1184; x_wconf 90' lang='lat' dir='ltr'><strong>relativis</strong></span> <span class='ocrx_word' id='word_1_122' title='bbox 1220 1148 1261 1184; x_wconf 88' lang='lat' dir='ltr'><strong>et</strong></span> <span class='ocrx_word' id='word_1_123' title='bbox 1288 1148 1378 1194; x_wconf 89' lang='lat' dir='ltr'><strong>post</strong></span> <span class='ocrx_word' id='word_1_124' title='bbox 1404 1145 1610 1184; x_wconf 90' lang='lat' dir='ltr'><strong>nonnullas</strong></span> 
     </span>
     <span class='ocr_line' id='line_1_17' title="bbox 193 1208 1609 1257; baseline 0.002 -11"><span class='ocrx_word' id='word_1_125' title='bbox 193 1208 485 1247; x_wconf 90' lang='lat' dir='ltr'><strong>coniunctiones</strong></span> <span class='ocrx_word' id='word_1_126' title='bbox 513 1209 752 1257; x_wconf 88' lang='lat' dir='ltr'><strong>temporales</strong></span> <span class='ocrx_word' id='word_1_127' title='bbox 781 1212 822 1248; x_wconf 89' lang='lat' dir='ltr'><strong>et</strong></span> <span class='ocrx_word' id='word_1_128' title='bbox 849 1209 1023 1248; x_wconf 89' lang='lat' dir='ltr'><strong>modales</strong></span> <span class='ocrx_word' id='word_1_129' title='bbox 1052 1212 1089 1248; x_wconf 89' lang='lat' dir='ltr'><strong>et</strong></span> <span class='ocrx_word' id='word_1_130' title='bbox 1110 1209 1286 1248; x_wconf 87' lang='lat' dir='ltr'><strong>causales</strong></span> <span class='ocrx_word' id='word_1_131' title='bbox 1302 1208 1422 1249; x_wconf 89' lang='lat' dir='ltr'><strong>fuisse</strong></span> <span class='ocrx_word' id='word_1_132' title='bbox 1442 1209 1609 1249; x_wconf 91' lang='lat' dir='ltr'><strong>videtur.</strong></span> 
     </span>
     <span class='ocr_line' id='line_1_18' title="bbox 194 1273 1609 1322; baseline 0.001 -11"><span class='ocrx_word' id='word_1_133' title='bbox 194 1273 406 1312; x_wconf 88' lang='lat' dir='ltr'><strong>Rationem</strong></span> <span class='ocrx_word' id='word_1_134' title='bbox 447 1276 582 1312; x_wconf 87' lang='lat' dir='ltr'><strong>autem</strong></span> <span class='ocrx_word' id='word_1_135' title='bbox 622 1273 792 1322; x_wconf 90' lang='lat' dir='ltr'><strong>ponendi</strong></span> <span class='ocrx_word' id='word_1_136' title='bbox 830 1277 872 1312; x_wconf 93' lang='lat' dir='ltr'><strong>et</strong></span> <span class='ocrx_word' id='word_1_137' title='bbox 912 1274 1118 1312; x_wconf 91' lang='lat' dir='ltr'><strong>omittendi</strong></span> <span class='ocrx_word' id='word_1_138' title='bbox 1146 1274 1224 1312; x_wconf 85' lang='lat' dir='ltr'><strong>iam</strong></span> <span class='ocrx_word' id='word_1_139' title='bbox 1252 1274 1408 1322; x_wconf 90' lang='lat' dir='ltr'><strong>saepius</strong></span> <span class='ocrx_word' id='word_1_140' title='bbox 1437 1273 1609 1322; x_wconf 87' lang='lat' dir='ltr'><strong>exposui.</strong></span> 
     </span>
     <span class='ocr_line' id='line_1_19' title="bbox 193 1337 1610 1386; baseline 0 -11"><span class='ocrx_word' id='word_1_141' title='bbox 193 1337 333 1386; x_wconf 89' lang='lat' dir='ltr'><strong>Itaque</strong></span> <span class='ocrx_word' id='word_1_142' title='bbox 376 1348 496 1375; x_wconf 91' lang='lat' dir='ltr'><strong>unum</strong></span> <span class='ocrx_word' id='word_1_143' title='bbox 534 1337 646 1385; x_wconf 90' lang='lat' dir='ltr'><strong>addo,</strong></span> <span class='ocrx_word' id='word_1_144' title='bbox 676 1337 809 1375; x_wconf 87' lang='lat' dir='ltr'><strong>multis</strong></span> <span class='ocrx_word' id='word_1_145' title='bbox 846 1337 940 1376; x_wconf 91' lang='lat' dir='ltr'><strong>locis</strong></span> <span class='ocrx_word' id='word_1_146' title='bbox 978 1337 1224 1377; x_wconf 90' lang='lat' dir='ltr'><strong>omissionem</strong></span> <span class='ocrx_word' id='word_1_147' title='bbox 1260 1337 1300 1376; x_wconf 93' lang='lat' dir='ltr'><strong>in</strong></span> <span class='ocrx_word' id='word_1_148' title='bbox 1327 1337 1516 1386; x_wconf 90' lang='lat' dir='ltr'><strong>principio</strong></span> <span class='ocrx_word' id='word_1_149' title='bbox 1543 1348 1610 1376; x_wconf 84' lang='lat' dir='ltr'><strong>va-</strong></span> 
     </span>
     <span class='ocr_line' id='line_1_20' title="bbox 197 1401 1609 1451; baseline -0.001 -10"><span class='ocrx_word' id='word_1_150' title='bbox 197 1401 377 1441; x_wconf 88' lang='lat' dir='ltr'><strong>riationis</strong></span> <span class='ocrx_word' id='word_1_151' title='bbox 406 1401 575 1450; x_wconf 88' lang='lat' dir='ltr'><strong>positam</strong></span> <span class='ocrx_word' id='word_1_152' title='bbox 593 1412 694 1449; x_wconf 88' lang='lat' dir='ltr'><strong>esse,</strong></span> <span class='ocrx_word' id='word_1_153' title='bbox 724 1404 769 1440; x_wconf 93' lang='lat' dir='ltr'><strong>ut</strong></span> <span class='ocrx_word' id='word_1_154' title='bbox 797 1401 900 1450; x_wconf 91' lang='lat' dir='ltr'><strong>apud</strong></span> <span class='ocrx_word' id='word_1_155' title='bbox 921 1402 1208 1441; x_wconf 86' lang='lat' dir='ltr'><strong>substantivum</strong></span> <span class='ocrx_word' id='word_1_156' title='bbox 1236 1414 1317 1441; x_wconf 82' lang='lat' dir='ltr'><strong>mos</strong></span> <span class='ocrx_word' id='word_1_157' title='bbox 1338 1405 1379 1442; x_wconf 91' lang='lat' dir='ltr'><strong>et</strong></span> <span class='ocrx_word' id='word_1_158' title='bbox 1397 1402 1500 1451; x_wconf 91' lang='lat' dir='ltr'><strong>apud</strong></span> <span class='ocrx_word' id='word_1_159' title='bbox 1521 1402 1609 1450; x_wconf 86' lang='lat' dir='ltr'><strong>alia,</strong></span> 
     </span>
     <span class='ocr_line' id='line_1_21' title="bbox 195 1465 1609 1516; baseline 0.001 -12"><span class='ocrx_word' id='word_1_160' title='bbox 195 1476 314 1514; x_wconf 90' lang='lat' dir='ltr'><strong>saepe</strong></span> <span class='ocrx_word' id='word_1_161' title='bbox 344 1466 466 1505; x_wconf 88' lang='lat' dir='ltr'><strong>etiam</strong></span> <span class='ocrx_word' id='word_1_162' title='bbox 494 1466 724 1514; x_wconf 91' lang='lat' dir='ltr'><strong>popularem</strong></span> <span class='ocrx_word' id='word_1_163' title='bbox 752 1465 989 1505; x_wconf 90' lang='lat' dir='ltr'><strong>brevitatem</strong></span> <span class='ocrx_word' id='word_1_164' title='bbox 1018 1469 1196 1514; x_wconf 85' lang='lat' dir='ltr'><strong>exstare,</strong></span> <span class='ocrx_word' id='word_1_165' title='bbox 1234 1469 1279 1505; x_wconf 88' lang='lat' dir='ltr'><strong>ut</strong></span> <span class='ocrx_word' id='word_1_166' title='bbox 1306 1469 1395 1516; x_wconf 91' lang='lat' dir='ltr'><strong>post</strong></span> <span class='ocrx_word' id='word_1_167' title='bbox 1423 1465 1609 1506; x_wconf 90' lang='lat' dir='ltr'><strong>adverbia</strong></span> 
     </span>
     <span class='ocr_line' id='line_1_22' title="bbox 194 1529 1610 1579; baseline 0 -10"><span class='ocrx_word' id='word_1_168' title='bbox 194 1532 304 1578; x_wconf 75' lang='lat' dir='ltr'><strong>hinc,</strong></span> <span class='ocrx_word' id='word_1_169' title='bbox 333 1531 421 1569; x_wconf 80' lang='lat' dir='ltr'><strong>inde</strong></span> <span class='ocrx_word' id='word_1_170' title='bbox 449 1534 523 1569; x_wconf 89' lang='lat' dir='ltr'><strong>etc.</strong></span> <span class='ocrx_word' id='word_1_171' title='bbox 567 1529 707 1569; x_wconf 90' lang='lat' dir='ltr'><strong>Omnia</strong></span> <span class='ocrx_word' id='word_1_172' title='bbox 734 1533 867 1569; x_wconf 89' lang='lat' dir='ltr'><strong>autem</strong></span> <span class='ocrx_word' id='word_1_173' title='bbox 894 1530 1071 1579; x_wconf 91' lang='lat' dir='ltr'><strong>pluribus</strong></span> <span class='ocrx_word' id='word_1_174' title='bbox 1091 1542 1338 1579; x_wconf 86' lang='lat' dir='ltr'><strong>percurrere,</strong></span> <span class='ocrx_word' id='word_1_175' title='bbox 1358 1531 1432 1570; x_wconf 89' lang='lat' dir='ltr'><strong>nisi</strong></span> <span class='ocrx_word' id='word_1_176' title='bbox 1453 1531 1610 1571; x_wconf 92' lang='lat' dir='ltr'><strong>modum</strong></span> 
     </span>
     <span class='ocr_line' id='line_1_23' title="bbox 194 1593 1611 1645; baseline 0.001 -13"><span class='ocrx_word' id='word_1_177' title='bbox 194 1593 309 1632; x_wconf 90' lang='lat' dir='ltr'><strong>huius</strong></span> <span class='ocrx_word' id='word_1_178' title='bbox 338 1594 473 1642; x_wconf 85' lang='lat' dir='ltr'><strong>scripti</strong></span> <span class='ocrx_word' id='word_1_179' title='bbox 502 1594 692 1633; x_wconf 86' lang='lat' dir='ltr'><strong>excedere</strong></span> <span class='ocrx_word' id='word_1_180' title='bbox 729 1594 927 1642; x_wconf 89' lang='lat' dir='ltr'><strong>volebam,</strong></span> <span class='ocrx_word' id='word_1_181' title='bbox 971 1606 1047 1632; x_wconf 90' lang='lat' dir='ltr'><strong>non</strong></span> <span class='ocrx_word' id='word_1_182' title='bbox 1075 1594 1238 1642; x_wconf 82' lang='lat' dir='ltr'><strong>licebat,</strong></span> <span class='ocrx_word' id='word_1_183' title='bbox 1283 1606 1399 1645; x_wconf 92' lang='lat' dir='ltr'><strong>quam</strong></span> <span class='ocrx_word' id='word_1_184' title='bbox 1440 1595 1488 1634; x_wconf 94' lang='lat' dir='ltr'><strong>ob</strong></span> <span class='ocrx_word' id='word_1_185' title='bbox 1525 1606 1611 1634; x_wconf 91' lang='lat' dir='ltr'><strong>rem</strong></span> 
     </span>
     <span class='ocr_line' id='line_1_24' title="bbox 193 1658 1609 1708; baseline 0.001 -12"><span class='ocrx_word' id='word_1_186' title='bbox 193 1658 309 1697; x_wconf 89' lang='lat' dir='ltr'><strong>venia</strong></span> <span class='ocrx_word' id='word_1_187' title='bbox 338 1658 389 1696; x_wconf 89' lang='lat' dir='ltr'><strong>sit</strong></span> <span class='ocrx_word' id='word_1_188' title='bbox 418 1660 582 1706; x_wconf 86' lang='lat' dir='ltr'><strong>propter</strong></span> <span class='ocrx_word' id='word_1_189' title='bbox 609 1668 792 1705; x_wconf 87' lang='lat' dir='ltr'><strong>magnam</strong></span> <span class='ocrx_word' id='word_1_190' title='bbox 820 1658 1039 1706; x_wconf 87' lang='lat' dir='ltr'><strong>materiam,</strong></span> <span class='ocrx_word' id='word_1_191' title='bbox 1069 1659 1102 1697; x_wconf 94' lang='lat' dir='ltr'><strong>si</strong></span> <span class='ocrx_word' id='word_1_192' title='bbox 1124 1659 1248 1708; x_wconf 85' lang='lat' dir='ltr'><strong>magis</strong></span> <span class='ocrx_word' id='word_1_193' title='bbox 1268 1659 1370 1697; x_wconf 89' lang='lat' dir='ltr'><strong>viam</strong></span> <span class='ocrx_word' id='word_1_194' title='bbox 1392 1658 1609 1698; x_wconf 88' lang='lat' dir='ltr'><strong>ostendisse</strong></span> 
     </span>
     <span class='ocr_line' id='line_1_25' title="bbox 195 1721 1341 1773; baseline 0 -12"><span class='ocrx_word' id='word_1_195' title='bbox 195 1733 311 1773; x_wconf 90' lang='lat' dir='ltr'><strong>quam</strong></span> <span class='ocrx_word' id='word_1_196' title='bbox 340 1722 424 1771; x_wconf 89' lang='lat' dir='ltr'><strong>ipse</strong></span> <span class='ocrx_word' id='word_1_197' title='bbox 452 1721 675 1771; x_wconf 86' lang='lat' dir='ltr'><strong>perrexisse</strong></span> <span class='ocrx_word' id='word_1_198' title='bbox 704 1721 851 1761; x_wconf 91' lang='lat' dir='ltr'><strong>videor.</strong></span> <span class='ocrx_word' id='word_1_199' title='bbox 909 1722 988 1762; x_wconf 85' lang='lat' dir='ltr'><strong>Sed</strong></span> <span class='ocrx_word' id='word_1_200' title='bbox 1016 1723 1113 1762; x_wconf 90' lang='lat' dir='ltr'><strong>haec</strong></span> <span class='ocrx_word' id='word_1_201' title='bbox 1141 1723 1341 1763; x_wconf 89' lang='lat' dir='ltr'><strong>hactenus.</strong></span> 
     </span>
    </p>
   </div>
   <div class='ocr_carea' id='block_1_3' title="bbox 326 2037 1482 2177">
    <p class='ocr_par' dir='ltr' id='par_1_3' title="bbox 326 2037 1482 2177">
     <span class='ocr_line' id='line_1_26' title="bbox 844 2037 955 2075; baseline -0.009 0"><span class='ocrx_word' id='word_1_202' title='bbox 844 2037 955 2075; x_wconf 89' lang='lat'>111.</span> 
     </span>
     <span class='ocr_line' id='line_1_27' title="bbox 326 2128 1482 2177; baseline -0.001 -1"><span class='ocrx_word' id='word_1_203' title='bbox 326 2131 405 2176; x_wconf 91' lang='lat' dir='ltr'><strong>DE</strong></span> <span class='ocrx_word' id='word_1_204' title='bbox 455 2130 674 2177; x_wconf 81' lang='lat' dir='ltr'>FUTURI</span> <span class='ocrx_word' id='word_1_205' title='bbox 709 2130 888 2177; x_wconf 81' lang='lat' dir='ltr'><strong>VERssl</strong></span> <span class='ocrx_word' id='word_1_206' title='bbox 925 2128 1319 2176; x_wconf 84' lang='lat' dir='ltr'>SUBSTANTIVI</span> <span class='ocrx_word' id='word_1_207' title='bbox 1354 2129 1482 2176; x_wconf 91' lang='lat' dir='ltr'><strong>USU.</strong></span> 
     </span>
    </p>
   </div>
   <div class='ocr_carea' id='block_1_4' title="bbox 776 2239 1032 2244">
    <p class='ocr_par' dir='ltr' id='par_1_4' title="bbox 776 2239 1032 2244">
     <span class='ocr_line' id='line_1_28' title="bbox 776 2239 1032 2244; baseline 0 0"><span class='ocrx_word' id='word_1_208' title='bbox 776 2239 1032 2244; x_wconf 95' lang='lat' dir='ltr'><strong> </strong></span> 
     </span>
    </p>
   </div>
   <div class='ocr_carea' id='block_1_5' title="bbox 193 2302 1609 2538">
    <p class='ocr_par' dir='ltr' id='par_1_5' title="bbox 193 2302 1609 2538">
     <span class='ocr_line' id='line_1_29' title="bbox 302 2302 1608 2353; baseline 0.002 -12"><span class='ocrx_word' id='word_1_209' title='bbox 302 2303 494 2344; x_wconf 87' lang='lat' dir='ltr'><strong>Futurum</strong></span> <span class='ocrx_word' id='word_1_210' title='bbox 522 2306 677 2353; x_wconf 88' lang='lat' dir='ltr'><strong>tempus</strong></span> <span class='ocrx_word' id='word_1_211' title='bbox 704 2302 862 2342; x_wconf 88' lang='lat' dir='ltr'><strong>brevius</strong></span> <span class='ocrx_word' id='word_1_212' title='bbox 890 2302 983 2341; x_wconf 89' lang='lat' dir='ltr'><strong>licet</strong></span> <span class='ocrx_word' id='word_1_213' title='bbox 1010 2302 1240 2351; x_wconf 89' lang='lat' dir='ltr'><strong>absolvere,</strong></span> <span class='ocrx_word' id='word_1_214' title='bbox 1270 2313 1357 2341; x_wconf 90' lang='lat' dir='ltr'><strong>cum</strong></span> <span class='ocrx_word' id='word_1_215' title='bbox 1385 2302 1488 2352; x_wconf 88' lang='lat' dir='ltr'><strong>apud</strong></span> <span class='ocrx_word' id='word_1_216' title='bbox 1515 2302 1608 2343; x_wconf 91' lang='lat' dir='ltr'><strong>reli—</strong></span> 
     </span>
     <span class='ocr_line' id='line_1_30' title="bbox 195 2366 1609 2418; baseline 0 -12"><span class='ocrx_word' id='word_1_217' title='bbox 195 2377 292 2418; x_wconf 91' lang='lat' dir='ltr'><strong>quos</strong></span> <span class='ocrx_word' id='word_1_218' title='bbox 333 2368 545 2417; x_wconf 89' lang='lat' dir='ltr'><strong>scriptores</strong></span> <span class='ocrx_word' id='word_1_219' title='bbox 588 2368 806 2408; x_wconf 89' lang='lat' dir='ltr'><strong>omissionis</strong></span> <span class='ocrx_word' id='word_1_220' title='bbox 849 2367 1070 2416; x_wconf 90' lang='lat' dir='ltr'><strong>exemplum</strong></span> <span class='ocrx_word' id='word_1_221' title='bbox 1105 2379 1183 2406; x_wconf 92' lang='lat' dir='ltr'><strong>non</strong></span> <span class='ocrx_word' id='word_1_222' title='bbox 1224 2367 1462 2415; x_wconf 77' lang='lat' dir='ltr'><strong>invenerim,</strong></span> <span class='ocrx_word' id='word_1_223' title='bbox 1505 2366 1609 2417; x_wconf 90' lang='lat' dir='ltr'><strong>apud</strong></span> 
     </span>
     <span class='ocr_line' id='line_1_31' title="bbox 194 2425 1608 2484; baseline 0 -13"><span class='ocrx_word' id='word_1_224' title='bbox 194 2432 372 2471; x_wconf 89' lang='lat' dir='ltr'><strong>Tacitum</strong></span> <span class='ocrx_word' id='word_1_225' title='bbox 399 2436 553 2482; x_wconf 89' lang='lat' dir='ltr'><strong>autem,</strong></span> <span class='ocrx_word' id='word_1_226' title='bbox 597 2444 699 2484; x_wconf 90' lang='lat' dir='ltr'><strong>quae</strong></span> <span class='ocrx_word' id='word_1_227' title='bbox 736 2436 798 2472; x_wconf 91' lang='lat' dir='ltr'><strong>est</strong></span> <span class='ocrx_word' id='word_1_228' title='bbox 834 2435 979 2471; x_wconf 91' lang='lat' dir='ltr'><strong>natura</strong></span> <span class='ocrx_word' id='word_1_229' title='bbox 1012 2432 1222 2472; x_wconf 92' lang='lat' dir='ltr'><strong>historicae</strong></span> <span class='ocrx_word' id='word_1_230' title='bbox 1260 2425 1516 2480; x_wconf 82' lang='lat' dir='ltr'><strong>narrationis,</strong></span> <span class='ocrx_word' id='word_1_231' title='bbox 1559 2442 1608 2472; x_wconf 87' lang='lat' dir='ltr'><strong>ea</strong></span> 
     </span>
     <span class='ocr_line' id='line_1_32' title="bbox 193 2496 1608 2538; baseline 0 -1"><span class='ocrx_word' id='word_1_232' title='bbox 193 2496 320 2538; x_wconf 86' lang='lat' dir='ltr'><strong>forma</strong></span> <span class='ocrx_word' id='word_1_233' title='bbox 356 2498 431 2538; x_wconf 89' lang='lat' dir='ltr'><strong>nisi</strong></span> <span class='ocrx_word' id='word_1_234' title='bbox 469 2498 510 2537; x_wconf 92' lang='lat' dir='ltr'><strong>in</strong></span> <span class='ocrx_word' id='word_1_235' title='bbox 547 2497 790 2538; x_wconf 89' lang='lat' dir='ltr'><strong>orationibus</strong></span> <span class='ocrx_word' id='word_1_236' title='bbox 828 2500 985 2537; x_wconf 89' lang='lat' dir='ltr'><strong>exstare</strong></span> <span class='ocrx_word' id='word_1_237' title='bbox 1023 2508 1100 2537; x_wconf 90' lang='lat' dir='ltr'><strong>non</strong></span> <span class='ocrx_word' id='word_1_238' title='bbox 1128 2497 1320 2538; x_wconf 86' lang='lat' dir='ltr'><strong>videatur.</strong></span> <span class='ocrx_word' id='word_1_239' title='bbox 1378 2496 1457 2537; x_wconf 88' lang='lat' dir='ltr'><strong>Sed</strong></span> <span class='ocrx_word' id='word_1_240' title='bbox 1484 2496 1608 2538; x_wconf 77' lang='lat' dir='ltr'><strong>Taciti</strong></span> 
     </span>
    </p>
   </div>
   <div class='ocr_carea' id='block_1_6' title="bbox 1631 0 1804 344">
    <p class='ocr_par' dir='ltr' id='par_1_6' title="bbox 1631 0 1804 344">
     <span class='ocr_line' id='line_1_33' title="bbox 1631 0 1804 344; baseline 0 2565"><span class='ocrx_word' id='word_1_241' title='bbox 1631 0 1804 344; x_wconf 95' lang='lat' dir='ltr'><strong> </strong></span> 
     </span>
    </p>
   </div>
   <div class='ocr_carea' id='block_1_7' title="bbox 1480 2771 1804 2909">
    <p class='ocr_par' dir='ltr' id='par_1_7' title="bbox 1480 2771 1804 2909">
     <span class='ocr_line' id='line_1_34' title="bbox 1480 2771 1804 2909; baseline 0 0"><span class='ocrx_word' id='word_1_242' title='bbox 1480 2771 1804 2909; x_wconf 95' lang='lat' dir='ltr'><strong> </strong></span> 
     </span>
    </p>
   </div>
  </div>
 </body>
</html>
