1804 2909
804 170 1067 234 -535

1619 0 1804 275 Ἰ

222 275 400 332 {perfecti
418 288 615 328 *nusquam
645 277 767 318 deest.
796 301 849 307 —-
874 277 1072 327 Principia
1109 279 1241 315 autem
1278 287 1379 325 quae
1407 274 1631 325 Nipperdey

180 395 184 397 .
211 334 437 394 ,constituit
464 342 505 381 in
543 342 698 392 scriptis
731 341 944 382 minoribus
971 344 1081 381 recte
1118 350 1161 379 se
1196 338 1355 379 habent.
1412 338 1511 377 Nam
1545 338 1631 378 ubi-

160 407 162 409 ’
194 456 196 459 ,
234 406 445 457 cunque'in
465 406 666 447 enuntiato
685 406 803 455 finali,
832 407 1065 454 concessivo,
1087 405 1339 445 condicionali
1367 404 1631 443 coniunctivus

233 463 358 519 deest,
387 470 486 511 alius
513 482 635 521 prope
656 474 796 519 exstat,
827 474 963 510 contra
981 470 1021 509 in
1041 467 1413 517 interrogationibus
1432 466 1632 507 indirectis

175 532 182 569 ἑ
236 537 279 576 et
304 535 346 575 in
373 535 588 576 enuntiatis
615 547 687 585 per
715 540 903 585 tamquam
931 538 972 574 et
1001 535 1088 572 dum
1121 532 1355 571 introductis
1391 531 1632 570 accuratiore

221 598 466 638 'coniunctivi
494 599 698 648 supplendi
726 597 1006 648 significatione
1043 608 1139 647 opus
1176 608 1253 636 non
1291 599 1363 635 est.
1421 594 1567 634 Contra
1594 594 1633 633 id

233 662 336 714 quod
363 662 494 704 Haase
522 663 571 704 de
600 663 806 703 omissione
835 662 1068 703 coniunctivi
1096 662 1281 701 disseruit
1319 661 1422 710 apud
1458 660 1634 699 Tacitum

233 727 367 766 valere
381 738 459 766 non
477 730 620 775 potest.
668 726 708 765 Si
733 726 836 765 enim
860 726 1126 765 coniunctivus
1141 724 1361 774 praesentis
1381 724 1421 763 in
1444 729 1509 763 en⁰
1528 722 1634 776 finali

237 790 353 830 deest
381 789 445 840 (G.
478 790 538 838 19,
570 790 649 840 13),
691 802 738 829 ea
764 790 840 838 lex,
876 801 926 829 ne
955 790 1160 828 omittatur
1201 789 1275 827 nisi
1303 788 1440 827 eodem
1475 787 1558 826 loco
1594 787 1635 825 in

235 854 414 893 oratione
443 853 593 893 directa
621 859 679 891 est
706 854 843 893 deesse
870 853 1004 902 possit,
1039 852 1187 891 nullum
1215 852 1380 901 amplius
1407 851 1528 891 habet
1554 861 1634 889 mo-

237 920 424 964 mentum.
480 917 617 968 Neque
645 918 924 968 interpretatio
952 919 1178 966 omissionis,
1209 929 1325 968 quam
1352 917 1482 957 Haase
1516 916 1635 960 dedit,

235 981 413 1022 omnibus
440 981 534 1021 locis
562 981 714 1031 sufficit,
744 994 841 1032 cum,
871 983 904 1022 si
922 983 1088 1033 exempli
1115 984 1243 1033 gratia
1271 983 1317 1023 G.
1350 984 1411 1032 19,
1442 982 1491 1022 13
1520 993 1631 1021 accu-

233 1047 359 1087 ratius
386 1047 621 1097 inspicimus,
652 1059 698 1088 ex
726 1049 967 1090 coniunctivo
989 1055 1115 1088 ament
1135 1049 1241 1089 notio
1270 1048 1465 1098 generalis
1495 1050 1633 1097 „esse“

236 1122 315 1151 non
343 1110 457 1151 facile
475 1112 660 1162 >suppleri
686 1113 819 1162 possit.
876 1114 1011 1153 Potius
1038 1117 1079 1154 et
1107 1113 1180 1153 hoc
1208 1113 1293 1153 loco
1322 1116 1363 1153 et
1390 1113 1522 1153 multis
1550 1113 1636 1153 aliis

234 1187 330 1215 vera
347 1176 503 1216 omissio
523 1177 731 1217 statuenda
749 1181 822 1226 est,
842 1189 943 1227 quae
963 1178 1087 1217 solum
1109 1178 1322 1225 „lenitur“,
1351 1180 1396 1216 ut
1415 1175 1637 1216 Dietschius

233 1243 342 1279 recte
371 1240 476 1289 dicit,
507 1240 583 1280 alio
612 1241 854 1281 coniunctivo
883 1253 1005 1292 prope
1034 1244 1226 1282 exstante.
1284 1240 1540 1281 Omissionem
1565 1253 1635 1280 au-

235 1307 317 1345 tem
359 1305 592 1345 coniunctivi
633 1306 674 1345 in
715 1307 917 1346 enuntiato
960 1304 1087 1354 finali,
1126 1306 1365 1353 concessivo,
1408 1306 1448 1343 in
1488 1306 1636 1354 protasi

234 1367 296 1408 en¹
330 1368 602 1422 condicionalis
639 1381 701 1410 me
750 1370 853 1420 apud
891 1370 1043 1420 priores
1085 1370 1296 1419 scriptores
1333 1381 1409 1408 non
1443 1369 1637 1410 invenisse

238 1444 359 1483 supra
386 1434 549 1477 ostendi.

345 1499 382 1539 2.
438 1500 498 1538 De
545 1500 735 1538 historiis.
806 1500 851 1538 In
891 1499 1064 1539 historiis
1107 1499 1372 1539 coniunctivus
1417 1498 1638 1549 praesentis

237 1562 331 1601 XXI
360 1562 455 1602 locis
482 1563 633 1612 positus
661 1566 732 1611 est,
775 1567 912 1603 contra
940 1564 1052 1603 deest
1079 1564 1204 1603 solum
1231 1564 1271 1602 in
1300 1562 1449 1601 duabus
1469 1562 1637 1601 interro-

237 1626 459 1675 gationibus
486 1626 698 1675 indirectis,
736 1628 792 1676 11„
822 1628 885 1676 42,
925 1628 950 1667 2
989 1628 1038 1677 (is
1066 1638 1200 1666 rumor
1241 1627 1289 1666 ab
1327 1625 1638 1677 exploratoribus

236 1689 386 1729 Vitellii
413 1690 648 1740 dispersus[
672 1703 722 1730 an
749 1692 789 1731 in
817 1692 902 1741 ipsa
930 1691 1094 1732 Othonis
1112 1694 1225 1740 parte
1247 1690 1477 1738 surrexerit,
1500 1701 1638 1740 parum

237 1754 494 1804 compertum)
535 1754 605 1794 III.
651 1756 719 1803 16,
762 1756 786 1795 3
832 1755 940 1805 (dum
980 1755 1173 1794 Antonius
1214 1755 1398 1804 quidnam
1446 1754 1639 1804 agendum

235 1817 446 1868 consultat)
475 1818 541 1858 IV.
571 1819 634 1867 83,
658 1820 707 1859 13
738 1818 948 1869 (quaenam
966 1819 1034 1858 illa
1053 1820 1316 1868 superstitio[
1341 1819 1444 1870 quod
1463 1822 1641 1865 numetis

235 1882 485 1932 interrogat).
515 1905 567 1910 —
605 1882 881 1922 Coniunctivus
917 1882 1137 1932 imperfecti
1164 1884 1289 1923 LXIV
1325 1884 1418 1923 locis
1467 1882 1636 1932 ponitur.

236 1944 473 1986 Omissiones
501 1958 690 1997 perrarae
719 1949 821 1987 sunt.
869 1946 1036 1988 Exstant
1056 1950 1188 1989 autem
1209 1948 1248 1988 in
1265 1946 1638 1998 interrogationibus

235 2010 436 2051 indirectis
472 2011 523 2050 II.
563 2012 627 2060 23,
665 2013 689 2051 2
729 2012 847 2063 (quae
876 2016 999 2060 acta[
1032 2017 1073 2053 et
1111 2014 1204 2063 quid
1241 2013 1408 2053 Caecina
1435 2012 1637 2062 pararem>

234 2075 286 2113 ΙΙ.
323 2076 388 2123 42,
418 2077 443 2115 6
486 2076 700 2126 (plerisque
738 2088 896 2116 suorum
932 2077 1079 2125 ignaris
1116 2089 1217 2126 quae
1252 2088 1369 2116 causa
1411 2077 1640 2123 salutandis

235 2142 384 2179 metum
411 2139 642 2188 proditionis
670 2138 818 2191 fecere)
847 2140 912 2180 IV.
942 2141 1005 2187 62,
1046 2142 1071 2181 5
1112 2141 1244 2191 (quale
1280 2141 1375 2180 illud
1411 2142 1517 2180 iter?
1552 2141 1637 2190 quis

235 2202 313 2241 dux
339 2202 426 2242 viae
438 2201 471 2255 ‘?)
490 2204 526 2253 >¹‘)
561 2204 718 2256 1-V.‚„69,
748 2206 773 2245 8
803 2205 920 2256 (quod
947 2205 1049 2245 bello
1078 2206 1236 2255 caput?)
1265 2206 1305 2244 in
1333 2211 1399 2245 en⁰
1432 2204 1638 2254 temporali

323 2317 356 2359 *)
380 2317 421 2352 cf.
444 2318 611 2351 Heraeum
644 2317 686 2350 ad
716 2317 750 2352 h.
772 2318 812 2352 l.:
858 2318 928 2360 „Zu
951 2318 1077 2352 diesem
1101 2319 1253 2352 seltenen
1277 2319 1367 2352 Coni.
1391 2318 1451 2352 des
1474 2318 1638 2352 exclama·

236 2369 325 2404 tiven
348 2371 574 2414 Fragesatzes
596 2371 630 2405 in
659 2381 706 2405 or.
737 2371 802 2405 obl.
833 2381 858 2406 s.
882 2372 992 2406 Madv.
1023 2375 1051 2413 §-
1075 2375 1149 2416 405,
1177 2383 1206 2406 a.
1231 2375 1272 2409 A.
1317 2373 1453 2407 Ebenso
1484 2374 1524 2407 A.
1546 2374 1573 2406 Ι.
1596 2375 1631 2405 41

235 2424 324 2467 (quis
346 2424 403 2459 ille
426 2425 549 2459 flebilis
578 2426 706 2459 sonus?
737 2426 816 2468 quid
838 2430 907 2459 tam
936 2426 1071 2469 triste?)
1101 2427 1189 2460 Xlll.
1214 2429 1265 2460 42.
1297 2429 1348 2460 49.
1373 2427 1467 2460 Caes.
1491 2427 1528 2459 B.
1553 2426 1589 2461 C.
1611 2428 1636 2458 1.

235 2480 286 2512 32.
308 2478 380 2514 Liv.
403 2478 538 2513 XXVII.
562 2480 634 2513 34⁴2
657 2479 755 2513 Addo
778 2480 819 2513 H.
842 2481 898 2514 IV.
922 2482 973 2522 69,
997 2483 1015 2514 8
1039 2481 1139 2524 (quod
1162 2481 1251 2514 bello
1274 2482 1409 2524 caput?)
1433 2481 1487 2515 Ex
1499 2481 1637 2514 Kratzio

233 2542 289 2576 1³3.
311 2534 342 2576 9,
367 2533 407 2567 A.
430 2533 502 2568 XV.
526 2532 567 2567 62
592 2534 663 2576 (ubi
686 2533 850 2567 meditata
872 2534 960 2568 ratio
970 2534 997 2577 Ρ)
