1804 2909
747 126 1011 166 -25—

279 233 440 282 Singula
469 236 601 272 autem
631 232 906 281 aggredientes
934 232 1102 282 primum
1132 243 1180 271 ea
1198 233 1446 282 inspiciamus
1464 243 1585 272 enun-

173 298 295 347 tiata,
326 298 366 336 in
395 296 535 347 quibus

281 364 316 404 1.
346 362 577 399 adiectivum
620 363 659 400 in
701 361 928 411 praedicato
963 364 1103 401 exstat.
1160 360 1255 400 Tam
1301 373 1419 412 saepe
1456 365 1588 402 autem

172 426 276 476 apud
318 426 554 465 adiectivum
604 426 741 476 copula
793 426 905 466 deest
951 426 991 466 in
1043 430 1221 476 tempore
1262 425 1502 476 imperfecto,
1544 429 1589 466 ut

171 491 327 530 omissio
365 502 436 540 pro
473 491 631 540 regula,
671 491 813 540 positio
855 503 926 540 pro
975 491 1203 541 exceptione
1248 501 1374 540 paene
1409 490 1590 531 habenda

176 555 239 594 sit.
297 554 375 594 Sed
411 555 572 603 ponitur
609 561 695 593 erat
730 555 859 605 (erant
886 556 978 606 etc.)
1022 555 1233 595 secundum
1270 554 1428 595 easdem
1467 554 1587 604 leges,

172 630 269 668 quas
311 629 348 667 p.
379 618 432 658 22
475 619 640 668 explicui
683 622 725 657 et
768 630 869 668 quae
912 631 936 657 a
978 618 1228 668 generalibus
1269 630 1346 657 non
1390 617 1589 658 differunt.

175 684 210 722 1.
247 682 506 722 Enuntiatum
548 695 686 722 novam
728 683 966 722 narrationis
1009 686 1162 732 partein
1205 682 1340 732 incipit
1356 682 1414 732 ³⁵),
1466 693 1589 732 quare

172 747 362 787 maiorem
391 747 594 797 emphasin
622 748 662 786 in
691 759 737 786 eo
766 747 933 796 positam
963 758 1049 786 esse
1071 758 1231 786 necesse
1251 750 1324 786 est.
1353 746 1401 785 H.
1419 747 1446 786 Ι.
1465 746 1529 794 57,
1554 748 1588 786 1.

176 811 378 861 (Proxima
415 812 579 861 legionis
617 812 767 860 primae
802 810 968 850 hiberna
1009 814 1124 850 erant
1161 814 1203 850 et
1230 810 1540 860 promptissimus
1567 821 1591 868 e

172 875 315 924 legatis
356 875 499 915 Fabius
535 875 710 925 Valens.)
755 875 785 915 Ι.
817 875 889 923 64,
920 878 956 915 5.
1004 875 1073 914 ΙΙΙ.
1103 875 1175 923 59,
1220 876 1256 915 5.
1287 876 1357 923 78,
1405 876 1423 915 1
1468 874 1590 926 (Vera

171 943 307 989 erant,
353 943 395 979 et
437 952 460 979 a
494 939 662 979 tribunis
704 938 991 989 praefectisque
1021 939 1158 979 eadem
1187 938 1496 989 ingerebantur).
1525 961 1579 967 ——

172 1005 218 1044 A.
249 1004 298 1043 II.
329 1004 393 1052 36,
423 1004 460 1044 5.
513 1006 576 1052 34,
608 1006 643 1044 8.
687 1006 750 1052 64,
788 1006 845 1043 11.
901 1005 970 1043 ΙΙΙ.
1003 1004 1066 1051 26,
1098 1005 1134 1043 8.
1178 1004 1208 1042 Ι.
1238 1005 1274 1050 3,
1309 1004 1369 1043 13.
1424 1002 1454 1043 1.
1485 1003 1522 1051 6,
1552 1003 1590 1042 9·

173 1068 237 1115 29,
273 1069 332 1107 11.
363 1068 426 1117 63,
461 1069 520 1107 15.
550 1069 659 1108 ΧΙΙΙ.
689 1070 753 1117 47,
784 1069 821 1108 6.
851 1068 954 1107 XIV.
986 1068 1046 1115 14,
1082 1069 1114 1107 1.
1159 1067 1242 1106 XV.
1276 1069 1309 1115 l,
1342 1068 1404 1107 17.
1434 1067 1497 1115 52,
1530 1068 1590 1107 16.

173 1133 237 1180 54,
271 1132 330 1173 10.
360 1132 464 1171 XIV.
494 1134 558 1181 40,
589 1134 624 1172 2.
656 1156 707 1160 ——
737 1134 773 1171 2.
804 1133 950 1171 Positio
980 1132 1089 1170 verbi
1127 1130 1361 1170 substantivi
1390 1131 1592 1181 emphasin

173 1196 357 1245 exprimit
384 1196 433 1237 H.
463 1196 493 1236 I.
527 1198 587 1245 13,
619 1198 641 1236 7
673 1198 817 1247 (neque
860 1200 948 1236 erat
992 1195 1140 1235 Galbae
1183 1196 1317 1245 ignota
1345 1195 1509 1236 Othonis
1547 1208 1593 1236 ac

172 1260 251 1299 Titi
278 1260 369 1298 Vini
398 1261 586 1310 amicitia)
617 1262 680 1308 22,
714 1263 749 1299 1.
778 1260 886 1310 (Non
917 1263 1004 1299 erat
1022 1259 1186 1298 Othonis
1214 1260 1339 1298 mollis
1367 1263 1408 1299 et
1439 1260 1590 1309 corpori

173 1323 314 1363 similis
342 1324 510 1374 animus)
541 1324 605 1374 58,
628 1326 664 1363 8.
687 1324 752 1363 IV.
778 1324 840 1371 35,
864 1325 924 1363 12.
954 1324 999 1362 A.
1020 1323 1069 1362 II.
1092 1323 1155 1371 57,
1188 1324 1248 1363 10.
1279 1345 1330 1350 —
1359 1323 1394 1362 3.
1424 1323 1468 1362 V.
1499 1322 1589 1363 sub—

173 1388 388 1428 stantivum
417 1392 583 1438 propter
611 1388 825 1438 particulas
854 1388 1024 1436 positum
1053 1391 1123 1428 est.
1182 1388 1295 1437 Apud
1323 1400 1410 1426 nam
1438 1388 1487 1428 H.
1516 1387 1588 1427 III.

178 1454 239 1501 16,
270 1453 307 1494 5.
338 1453 383 1492 A.
408 1453 459 1493 ΙΙ.
489 1454 553 1502 43,
586 1443 649 1502 20,
680 1453 783 1503 apud
811 1453 882 1491 sed
909 1452 955 1492 A.
986 1452 1056 1491 III.
1083 1451 1151 1500 14,
1182 1454 1217 1494 9.
1247 1451 1320 1492 ΙΙΙ.
1349 1453 1413 1501 48,
1442 1452 1507 1493 10.
1536 1474 1590 1480 —-

174 1519 211 1557 4.
241 1517 353 1557 Aliae
383 1529 524 1557 causae
544 1516 761 1570 ἐμφάσεως
788 1517 1039 1556 inveniuntur
1067 1516 1116 1555 H.
1135 1517 1184 1555 II.
1215 1515 1280 1565 98,
1304 1518 1340 1557 9.
1359 1517 1429 1556 III.
1459 1517 1523 1566 75,
1551 1518 1588 1557 3.

173 1582 217 1620 A.
236 1581 319 1620 XV.
335 1581 399 1630 50,
416 1582 453 1630 8,
475 1582 541 1621 ubi
557 1582 820 1632 oppositiones
840 1581 1104 1629 inveniuntur,
1126 1586 1215 1630 post
1232 1582 1478 1621 enuntiatum
1498 1592 1588 1621 con-

173 1646 364 1684 cessivum
384 1658 418 1684 v,
436 1646 591 1684 substum
609 1649 738 1684 exstat
767 1646 812 1685 A.
829 1645 932 1684 XVI.
956 1646 1016 1691 13,
1038 1646 1097 1692 10,
1114 1648 1203 1694 post
1218 1646 1524 1694 comparativum
1538 1646 1587 1684 H.

173 1708 243 1747 III.
266 1709 303 1757 3,
326 1709 371 1756 8;
401 1709 502 1748 aliae
522 1720 661 1748 causae
681 1708 813 1747 valent
833 1709 878 1747 A.
902 1708 972 1747 ΙΙΙ.
1003 1708 1066 1755 60,
1083 1709 1105 1747 7
1134 1708 1199 1747 IV.
1230 1709 1293 1756 32,
1324 1709 1359 1748 9.
1381 1731 1421 1735 -
1445 1708 1589 1749 Contra

172 1773 246 1811 loci
261 1772 400 1822 quibus
421 1773 558 1821 copula
573 1773 697 1820 deest,
714 1776 795 1811 tam
810 1772 923 1811 multi
938 1777 1040 1819 sunt,
1071 1775 1115 1811 ut
1130 1772 1337 1821 disponere
1358 1784 1425 1812 eos
1451 1784 1587 1812 secun—

174 1837 265 1876 dum
285 1836 393 1886 leges
414 1836 621 1886 generales
636 1836 794 1885 longum
809 1836 1000 1875 videatur.
1030 1836 1170 1885 Itaque
1185 1835 1247 1875 hic
1263 1837 1359 1876 satis
1373 1836 1495 1876 habeo
1511 1837 1589 1877 sin-

175 1902 268 1951 gula
297 1901 478 1951 exempla
508 1900 663 1940 afferre.
724 1903 755 1940 1.
805 1900 1010 1950 Popularis
1047 1901 1222 1940 brevitas
1252 1904 1382 1941 exstat
1411 1901 1455 1940 A.
1484 1901 1588 1942 XVI.

174 1966 237 2013 30,
269 1967 294 2006 5
325 1966 481 2015 (vetera
499 1964 627 2013 haec),
660 1964 725 2003 ubi
747 1964 897 2004 confert
918 1965 1145 2013 Draegerus
1163 1965 1229 2005 XI.
1251 1966 1314 2013 23,
1345 1966 1370 2005 5
1400 1966 1591 2015 (recentia

175 2030 288 2079 haec)
319 2029 399 2068 scil.
430 2039 529 2067 esse.
573 2051 625 2055 ——
668 2029 704 2067 2.
750 2028 985 2077 Saepissime
1028 2028 1165 2077 copula
1207 2029 1319 2068 deest
1357 2029 1395 2067 in
1429 2029 1579 2079 simplic

176 2094 417 2141 narratione,
448 2096 492 2132 ut
523 2093 572 2132 H.
603 2093 632 2131 I.
663 2094 698 2140 6,
733 2094 781 2132 13
812 2093 986 2143 (tardum
1015 2092 1164 2132 Galbae
1193 2092 1271 2131 iter
1299 2095 1340 2131 et
1368 2096 1589 2144 cruentum)

176 2159 225 2197 H.
256 2158 284 2197 Ι.
322 2158 380 2205 10,
413 2159 433 2196 1
468 2157 615 2206 (oriens
644 2157 769 2196 adhuc
798 2157 984 2207 inmotus)
1014 2157 1044 2196 Ι.
1074 2158 1137 2205 64,
1166 2158 1203 2196 4.
1234 2179 1286 2184 —
1314 2158 1351 2196 3.
1381 2157 1426 2195 In
1453 2169 1590 2197 narra-

177 2222 283 2261 tione
312 2222 452 2269 vivida,
483 2225 527 2260 ut
555 2222 603 2261 H.
627 2221 655 2259 Ι.
684 2222 746 2269 65,
781 2223 829 2261 10
858 2222 946 2270 (nec
974 2222 1051 2260 iam
1080 2225 1234 2261 secreta
1263 2220 1492 2269 exhortatio,
1522 2222 1591 2261 sed

176 2285 355 2336 publicae
384 2296 541 2334 preces:
584 2285 690 2324 irent
717 2284 866 2324 ultores
896 2284 987 2335 etc.)
1031 2285 1061 2323 I.
1093 2286 1155 2334 79,
1186 2287 1209 2325 6
1251 2285 1371 2335 (apud
1397 2286 1591 2327 Romanos

178 2350 308 2390 omnia
335 2349 485 2398 proelio
515 2349 625 2398 apta)
655 2350 724 2388 III.
754 2350 819 2397 26,
849 2349 886 2388 5.
916 2372 969 2377 —-
1009 2350 1046 2389 4.
1077 2350 1120 2389 In
1150 2350 1412 2399 descriptione
1440 2362 1591 2390 morum

263 2499 292 2539 *)
339 2498 522 2530 caveamus
546 2506 587 2530 ne
612 2497 900 2543 dicamusuovum
924 2501 1033 2538 caput.

1742 246 1744 248 .
1721 155 1724 157 ⁴
1717 31 1762 105 ³512}ss
