1804 2909
825 784 872 821 1.

535 898 1157 946 PROLEGOMENA.

833 1148 868 1187 1.

257 1233 378 1273 Verbi
411 1233 644 1272 substantivi
677 1244 790 1271 usum
817 1233 1034 1272 Tacitinum
1048 1232 1085 1282 ²¹²)
1123 1243 1209 1270 cum
1246 1233 1317 1271 sim
1345 1232 1556 1282 investiga-

151 1301 284 1346 turus,
328 1298 573 1336 omissionem
602 1296 849 1346 frequentem
877 1297 961 1335 cius
997 1296 1107 1335 verbi
1144 1299 1317 1335 tractare
1355 1296 1395 1335 in
1430 1296 1558 1335 animo

150 1361 291 1401 habeo.
347 1361 392 1400 In
421 1373 537 1411 quam
554 1372 639 1400 rem
665 1361 864 1411 inquirere
892 1361 979 1400 ideo
1008 1360 1103 1400 mihi
1130 1360 1255 1399 visum
1283 1362 1345 1399 est
1355 1358 1426 1409 *ss),
1456 1358 1558 1409 quod

150 1426 252 1465 iusto
280 1427 403 1475 magis
432 1425 557 1465 adhuc
585 1425 764 1474 neglecta
791 1425 947 1465 videtur
975 1436 1074 1464 esse.
1103 1447 1156 1452 ——
1183 1424 1320 1474 Neque
1349 1427 1482 1463 tamen
1510 1434 1559 1463 ea

150 1490 327 1540 quaestio
355 1491 438 1530 sine
472 1490 601 1539 aliquo
639 1488 769 1529 fructu
805 1493 878 1530 est.
933 1490 1107 1529 Primum
1144 1490 1247 1528 enim
1280 1489 1367 1528 usui
1402 1488 1560 1528 videtur

150 1564 256 1601 esse,
300 1553 439 1603 quibus
477 1552 617 1593 finibus
654 1554 808 1593 omissio
846 1567 881 1593 V.
913 1554 1032 1593 substi
1065 1566 1089 1592 a
1117 1554 1249 1593 Tacito
1286 1554 1466 1593 conclusa
1495 1553 1547 1592 sit

236 1701 267 1741 *)
313 1701 433 1734 Utrum
466 1702 589 1733 rectius
625 1701 790 1733 scribatur
829 1700 987 1732 Taciteus
1009 1711 1051 1733 an
1081 1701 1269 1732 Tacitanus
1302 1710 1344 1733 an
1381 1699 1557 1732 Tmitinus

150 1754 285 1794 exponit
307 1753 471 1786 Wissowa
492 1754 525 1785 in
549 1754 640 1788 lectt.
663 1754 837 1794 Tacitinis,
867 1763 955 1794 spec.
980 1754 1018 1786 ll.
1054 1754 1189 1787 Vratisl.
1220 1756 1306 1785 1829.
1353 1753 1419 1785 Sed
1441 1758 1555 1794 poste·

147 1806 252 1840 riores
276 1816 350 1839 eum
373 1817 438 1839 non
462 1807 568 1840 secuti
592 1806 740 1840 scribunt
759 1805 946 1838 Tacitareus
968 1808 1016 1849 (C.
1042 1808 1077 1839 L.
1097 1807 1197 1848 Roth,
1222 1806 1472 1840 emendationes
1489 1806 1555 1840 Ta-

147 1860 295 1894 citanae.
319 1860 468 1894 Norimb.
496 1861 587 1902 1833)
609 1860 662 1894 vel
691 1860 856 1893 Taciteus.

234 1915 288 1957 **)
334 1915 426 1955 Quae
459 1915 665 1947 recentiores
699 1914 741 1947 de
776 1915 852 1946 stilo
887 1918 986 1955 atque
1022 1915 1153 1956 syntaxi
1188 1914 1296 1946 Taciti
1337 1914 1554 1955 scripserunt,

98 2010 100 2012 r
147 1968 330 2011 composita
353 1972 431 2001 sunt
453 1968 541 2010 apud
564 1968 616 2001 W.
641 1968 788 2009 Teuffel,
819 1968 1024 2001 Geschichte
1060 1968 1122 2001 der
1154 1971 1235 2001 rom.
1259 1967 1323 2000 Lit.
1358 1977 1390 2009 p.
1414 1969 1485 2000 677.
1521 1971 1556 2001 et

146 2022 235 2064 apud
247 2022 471 2055 Woelfflinum
495 2022 528 2054 in
542 2022 705 2063 Philologi
727 2023 802 2054 voll.
817 2022 919 2063 XXV,
954 2022 1074 2063 XXVI,
1107 2022 1240 2055 XXVll
1287 2022 1428 2054 Praeter
1450 2021 1555 2055 libros

145 2075 193 2107 ibi
213 2075 400 2108 nominatos
422 2075 456 2107 in
478 2085 594 2108 manus
618 2076 697 2107 mihi
720 2079 896 2108 venerunt:
942 2075 972 2107 J.
998 2075 1156 2115 Stander‚
1187 2074 1354 2107 Nonnulla
1378 2074 1420 2107 de
1443 2074 1554 2107 elocu-

145 2129 238 2162 tione
262 2128 370 2161 Taciti
392 2129 516 2168 (Koeln
543 2131 633 2165 1863,
658 2129 797 2171 Progr.).
820 2148 860 2152 —
883 2128 1077 2170 Andr-esen,
1101 2128 1141 2161 de
1164 2127 1399 2160 vocabulorum
1422 2128 1461 2161 T.
1486 2129 1553 2161 col-

146 2181 313 2215 locatione
348 2182 468 2224 (Berol.
500 2182 700 2223 1874.1Pr.).
745 2182 806 2214 Ad.
831 2182 1029 2223 Pofflmann,
1063 2181 1296 2215 adnotationes
1329 2182 1363 2215 in
1386 2182 1421 2215 C.
1445 2183 1555 2216 Taciti

145 2235 333 2276 Agricolam
356 2235 511 2268 admixtis
535 2235 821 2268 observationibus
835 2236 998 2268 sermonis
1014 2236 1154 2274 Tacitei,
1178 2239 1216 2268 ut
1238 2239 1352 2268 exstat
1372 2235 1407 2268 in
1422 2236 1555 2278 scriptis

146 2288 337 2322 minoribus.
362 2290 463 2332 (Gott‚
480 2291 569 2322 1871.
594 2289 681 2322 Diss.
701 2289 834 2330 inaug.).
880 2288 1009 2322 Gerber
1031 2289 1072 2322 de
1085 2289 1372 2322 coniunctionibus
1395 2290 1554 2331 temporis

145 2345 235 2381 ante,
261 2342 521 2386 (μήπω-μανι,
546 2345 743 2385 postquam,
769 2342 885 2382 donec,
916 2341 1034 2385 quoad
1051 2346 1085 2375 et
1099 2342 1365 2375 coniunctionum
1387 2343 1554 2376 concessi-

144 2405 258 2428 varum
280 2405 500 2439 quamquam,
523 2396 678 2439 quamvis
691 2405 753 2429 usu
765 2396 904 2428 Taciteo
918 2395 1151 2438 (Glueckstadt
1167 2398 1255 2429 1874.
1269 2396 1345 2436 Pr.).
1371 2395 1411 2429 R.
1425 2396 1554 2438 Macke,

145 2449 199 2483 die
223 2448 436 2483 Substantive
461 2450 519 2483 des
543 2449 700 2491 Tacitus,
733 2449 808 2482 eine
840 2448 1024 2482 statistisch
1056 2449 1271 2483 lexicalische
1295 2448 1554 2491 Untersuchung

144 2502 211 2535 und
232 2502 579 2545 Zusammenstellung
600 2503 715 2545 (Ploen
741 2505 832 2535 1874.
857 2503 936 2546 Pu),
979 2502 1172 2545 Woelfflini,
1195 2502 1258 2535 Joh
1285 2502 1439 2536 Muelleri
1461 2513 1551 2536 men-

144 2556 266 2589 tionem
289 2555 401 2589 facere
425 2567 704 2599 supervacaneum
729 2561 791 2589 est.

1302 2623 1312 2651 1
