<?xml version="1.0" encoding="UTF-8"?>
<!DOCTYPE html PUBLIC "-//W3C//DTD XHTML 1.0 Transitional//EN"
    "http://www.w3.org/TR/xhtml1/DTD/xhtml1-transitional.dtd">
<html xmlns="http://www.w3.org/1999/xhtml" xml:lang="en" lang="en">
 <head>
  <title>
</title>
<meta http-equiv="Content-Type" content="text/html;charset=utf-8" />
  <meta name='ocr-system' content='tesseract 3.04.00' />
  <meta name='ocr-capabilities' content='ocr_page ocr_carea ocr_par ocr_line ocrx_word'/>
</head>
<body>
  <div class='ocr_page' id='page_1' title='image "4737239_0023.png"; bbox 0 0 1804 2909; ppageno 0'>
   <div class='ocr_carea' id='block_1_1' title="bbox 0 0 459 575">
    <p class='ocr_par' dir='ltr' id='par_1_1' title="bbox 0 0 459 575">
     <span class='ocr_line' id='line_1_1' title="bbox 0 0 459 339; baseline 0 0"><span class='ocrx_word' id='word_1_1' title='bbox 0 0 459 339; x_wconf 95' lang='lat' dir='ltr'>   </span> 
     </span>
     <span class='ocr_line' id='line_1_2' title="bbox 0 339 194 575; baseline 0 2334"><span class='ocrx_word' id='word_1_2' title='bbox 0 339 194 575; x_wconf 95' lang='lat' dir='ltr'> </span> 
     </span>
    </p>
   </div>
   <div class='ocr_carea' id='block_1_2' title="bbox 786 157 1023 195">
    <p class='ocr_par' dir='ltr' id='par_1_2' title="bbox 786 157 1023 195">
     <span class='ocr_line' id='line_1_3' title="bbox 786 157 1023 195; baseline -0.004 -11"><span class='ocrx_word' id='word_1_3' title='bbox 786 157 1023 195; x_wconf 72' lang='grc'>-9-</span> 
     </span>
    </p>
   </div>
   <div class='ocr_carea' id='block_1_3' title="bbox 0 260 1609 891">
    <p class='ocr_par' dir='ltr' id='par_1_3' title="bbox 0 260 1606 697">
     <span class='ocr_line' id='line_1_4' title="bbox 128 260 1600 313; baseline -0.003 -9"><span class='ocrx_word' id='word_1_4' title='bbox 128 286 150 304; x_wconf 51' lang='lat'>&lt;2</span> <span class='ocrx_word' id='word_1_5' title='bbox 191 260 361 312; x_wconf 67' lang='lat' dir='ltr'>indicat,</span> <span class='ocrx_word' id='word_1_6' title='bbox 391 260 552 300; x_wconf 90' lang='lat' dir='ltr'>verbum</span> <span class='ocrx_word' id='word_1_7' title='bbox 581 263 783 311; x_wconf 85' lang='lat' dir='ltr'>existendi,</span> <span class='ocrx_word' id='word_1_8' title='bbox 813 263 1031 313; x_wconf 89' lang='lat' dir='ltr'>ubicunque</span> <span class='ocrx_word' id='word_1_9' title='bbox 1060 262 1162 311; x_wconf 84' lang='lat' dir='ltr'>apud</span> <span class='ocrx_word' id='word_1_10' title='bbox 1177 261 1460 301; x_wconf 80' lang='lat' dir='ltr'>substantivum</span> <span class='ocrx_word' id='word_1_11' title='bbox 1477 261 1600 301; x_wconf 87' lang='lat' dir='ltr'>solum</span> 
     </span>
     <span class='ocr_line' id='line_1_5' title="bbox 131 317 1603 383; baseline -0.001 -18"><span class='ocrx_word' id='word_1_12' title='bbox 131 381 133 383; x_wconf 12' lang='grc' dir='ltr'><strong><em>ι</em></strong></span> <span class='ocrx_word' id='word_1_13' title='bbox 200 317 267 365; x_wconf 63' lang='lat' dir='ltr'>nl</span> <span class='ocrx_word' id='word_1_14' title='bbox 293 335 381 365; x_wconf 85' lang='lat' dir='ltr'>oum</span> <span class='ocrx_word' id='word_1_15' title='bbox 407 325 598 367; x_wconf 86' lang='lat' dir='ltr'>attributo</span> <span class='ocrx_word' id='word_1_16' title='bbox 634 328 879 368; x_wconf 88' lang='lat' dir='ltr'>coniunctum</span> <span class='ocrx_word' id='word_1_17' title='bbox 914 327 1085 377; x_wconf 89' lang='lat' dir='ltr'>ponitur,</span> <span class='ocrx_word' id='word_1_18' title='bbox 1124 329 1168 366; x_wconf 93' lang='lat' dir='ltr'>ut</span> <span class='ocrx_word' id='word_1_19' title='bbox 1196 332 1253 365; x_wconf 81' lang='lat' dir='ltr'>est</span> <span class='ocrx_word' id='word_1_20' title='bbox 1281 327 1387 373; x_wconf 78' lang='lat' dir='ltr'>deus,</span> <span class='ocrx_word' id='word_1_21' title='bbox 1425 332 1483 365; x_wconf 82' lang='lat' dir='ltr'>est</span> <span class='ocrx_word' id='word_1_22' title='bbox 1511 327 1603 365; x_wconf 80' lang='lat' dir='ltr'>deus</span> 
     </span>
     <span class='ocr_line' id='line_1_6' title="bbox 131 388 1603 441; baseline 0 -13"><span class='ocrx_word' id='word_1_23' title='bbox 131 388 139 408; x_wconf 71' lang='lat'>²</span> <span class='ocrx_word' id='word_1_24' title='bbox 201 390 402 439; x_wconf 73' lang='lat' dir='ltr'>beniynus,</span> <span class='ocrx_word' id='word_1_25' title='bbox 440 394 482 431; x_wconf 92' lang='lat' dir='ltr'>et</span> <span class='ocrx_word' id='word_1_26' title='bbox 519 392 585 432; x_wconf 84' lang='lat' dir='ltr'>ubi</span> <span class='ocrx_word' id='word_1_27' title='bbox 621 392 848 432; x_wconf 85' lang='lat' dir='ltr'>adverbium</span> <span class='ocrx_word' id='word_1_28' title='bbox 884 393 986 441; x_wconf 88' lang='lat' dir='ltr'>apud</span> <span class='ocrx_word' id='word_1_29' title='bbox 1024 391 1187 431; x_wconf 90' lang='lat' dir='ltr'>verbum</span> <span class='ocrx_word' id='word_1_30' title='bbox 1225 391 1510 429; x_wconf 89' lang='lat' dir='ltr'>substantivum</span> <span class='ocrx_word' id='word_1_31' title='bbox 1544 391 1603 429; x_wconf 89' lang='lat' dir='ltr'>in-</span> 
     </span>
     <span class='ocr_line' id='line_1_7' title="bbox 133 452 1606 506; baseline 0 -13"><span class='ocrx_word' id='word_1_32' title='bbox 133 463 137 468; x_wconf 81' lang='grc'><em>·</em></span> <span class='ocrx_word' id='word_1_33' title='bbox 199 452 370 503; x_wconf 84' lang='lat' dir='ltr'>venitur,</span> <span class='ocrx_word' id='word_1_34' title='bbox 410 456 476 506; x_wconf 92' lang='lat' dir='ltr'>qui</span> <span class='ocrx_word' id='word_1_35' title='bbox 516 467 608 496; x_wconf 88' lang='lat' dir='ltr'>usus</span> <span class='ocrx_word' id='word_1_36' title='bbox 644 456 748 506; x_wconf 84' lang='lat' dir='ltr'>apud</span> <span class='ocrx_word' id='word_1_37' title='bbox 776 455 1004 497; x_wconf 85' lang='lat' dir='ltr'>Ciceronem</span> <span class='ocrx_word' id='word_1_38' title='bbox 1040 466 1154 495; x_wconf 87' lang='lat' dir='ltr'>rarus</span> <span class='ocrx_word' id='word_1_39' title='bbox 1188 458 1260 502; x_wconf 87' lang='lat' dir='ltr'>est,</span> <span class='ocrx_word' id='word_1_40' title='bbox 1289 453 1475 504; x_wconf 85' lang='lat' dir='ltr'>frequens</span> <span class='ocrx_word' id='word_1_41' title='bbox 1503 454 1606 504; x_wconf 88' lang='lat' dir='ltr'>apud</span> 
     </span>
     <span class='ocr_line' id='line_1_8' title="bbox 9 517 1606 573; baseline -0.001 -16"><span class='ocrx_word' id='word_1_42' title='bbox 9 570 14 573; x_wconf 32' lang='grc'>,</span> <span class='ocrx_word' id='word_1_43' title='bbox 202 517 396 569; x_wconf 83' lang='lat' dir='ltr'>Plautum,</span> <span class='ocrx_word' id='word_1_44' title='bbox 412 519 649 568; x_wconf 80' lang='lat' dir='ltr'>Sallustium,</span> <span class='ocrx_word' id='word_1_45' title='bbox 671 520 858 568; x_wconf 88' lang='lat' dir='ltr'>Tacitum,</span> <span class='ocrx_word' id='word_1_46' title='bbox 878 520 1080 560; x_wconf 86' lang='lat' dir='ltr'>Valerium</span> <span class='ocrx_word' id='word_1_47' title='bbox 1098 520 1213 567; x_wconf 60' lang='lat' dir='ltr'>Max„</span> <span class='ocrx_word' id='word_1_48' title='bbox 1233 518 1433 558; x_wconf 82' lang='lat' dir='ltr'>Senecam.</span> <span class='ocrx_word' id='word_1_49' title='bbox 1461 518 1606 557; x_wconf 83' lang='lat' dir='ltr'>Tamen</span> 
     </span>
     <span class='ocr_line' id='line_1_9' title="bbox 0 582 1606 636; baseline -0.002 -11"><span class='ocrx_word' id='word_1_50' title='bbox 0 582 52 636; x_wconf 65' lang='lat' dir='ltr'><strong><em>j</em></strong></span> <span class='ocrx_word' id='word_1_51' title='bbox 129 599 144 635; x_wconf 58' lang='lat' dir='ltr'><em>j</em></span> <span class='ocrx_word' id='word_1_52' title='bbox 203 582 244 621; x_wconf 79' lang='lat' dir='ltr'>in</span> <span class='ocrx_word' id='word_1_53' title='bbox 284 593 333 622; x_wconf 91' lang='lat' dir='ltr'>eo</span> <span class='ocrx_word' id='word_1_54' title='bbox 369 595 404 623; x_wconf 89' lang='lat' dir='ltr'>v.</span> <span class='ocrx_word' id='word_1_55' title='bbox 447 584 680 623; x_wconf 81' lang='lat' dir='ltr'>substantivi</span> <span class='ocrx_word' id='word_1_56' title='bbox 722 595 795 622; x_wconf 90' lang='lat' dir='ltr'>usu</span> <span class='ocrx_word' id='word_1_57' title='bbox 836 584 1082 623; x_wconf 89' lang='lat' dir='ltr'>omissionem</span> <span class='ocrx_word' id='word_1_58' title='bbox 1124 583 1277 623; x_wconf 86' lang='lat' dir='ltr'>omnino</span> <span class='ocrx_word' id='word_1_59' title='bbox 1320 594 1396 622; x_wconf 91' lang='lat' dir='ltr'>non</span> <span class='ocrx_word' id='word_1_60' title='bbox 1439 582 1606 622; x_wconf 89' lang='lat' dir='ltr'>inveniri</span> 
     </span>
     <span class='ocr_line' id='line_1_10' title="bbox 203 646 1606 697; baseline -0.002 -11.379"><span class='ocrx_word' id='word_1_61' title='bbox 203 646 347 687; x_wconf 86' lang='lat' dir='ltr'>iniuria</span> <span class='ocrx_word' id='word_1_62' title='bbox 373 647 568 697; x_wconf 85' lang='lat' dir='ltr'>Reisigius</span> <span class='ocrx_word' id='word_1_63' title='bbox 595 646 806 695; x_wconf 82' lang='lat' dir='ltr'>contendit,</span> <span class='ocrx_word' id='word_1_64' title='bbox 845 658 933 686; x_wconf 89' lang='lat' dir='ltr'>nam</span> <span class='ocrx_word' id='word_1_65' title='bbox 971 658 1019 687; x_wconf 86' lang='lat' dir='ltr'>ex</span> <span class='ocrx_word' id='word_1_66' title='bbox 1047 646 1124 687; x_wconf 87' lang='lat' dir='ltr'>Cic.</span> <span class='ocrx_word' id='word_1_67' title='bbox 1155 646 1297 687; x_wconf 82' lang='lat' dir='ltr'>afferre</span> <span class='ocrx_word' id='word_1_68' title='bbox 1325 647 1417 687; x_wconf 86' lang='lat' dir='ltr'>licet</span> <span class='ocrx_word' id='word_1_69' title='bbox 1447 647 1496 687; x_wconf 89' lang='lat' dir='ltr'>ad</span> <span class='ocrx_word' id='word_1_70' title='bbox 1524 646 1606 687; x_wconf 89' lang='lat' dir='ltr'>Att.</span> 
     </span>
    </p>

    <p class='ocr_par' dir='ltr' id='par_1_4' title="bbox 203 711 1605 762">
     <span class='ocr_line' id='line_1_11' title="bbox 203 711 1605 762; baseline -0.001 -10"><span class='ocrx_word' id='word_1_71' title='bbox 203 712 235 752; x_wconf 92' lang='grc' dir='ltr'>Ι.</span> <span class='ocrx_word' id='word_1_72' title='bbox 260 712 304 752; x_wconf 89' lang='grc'>11</span> <span class='ocrx_word' id='word_1_73' title='bbox 334 712 405 752; x_wconf 88' lang='lat' dir='ltr'>sub</span> <span class='ocrx_word' id='word_1_74' title='bbox 424 711 489 751; x_wconf 90' lang='lat' dir='ltr'>fin.</span> <span class='ocrx_word' id='word_1_75' title='bbox 519 712 634 762; x_wconf 90' lang='lat' dir='ltr'>(mire</span> <span class='ocrx_word' id='word_1_76' title='bbox 662 723 779 761; x_wconf 92' lang='lat' dir='ltr'>quam</span> <span class='ocrx_word' id='word_1_77' title='bbox 806 712 909 751; x_wconf 91' lang='lat' dir='ltr'>illius</span> <span class='ocrx_word' id='word_1_78' title='bbox 937 712 1007 751; x_wconf 91' lang='lat' dir='ltr'>loci</span> <span class='ocrx_word' id='word_1_79' title='bbox 1033 723 1109 751; x_wconf 90' lang='lat' dir='ltr'>non</span> <span class='ocrx_word' id='word_1_80' title='bbox 1137 713 1249 752; x_wconf 87' lang='lat' dir='ltr'>modo</span> <span class='ocrx_word' id='word_1_81' title='bbox 1275 724 1368 752; x_wconf 86' lang='lat' dir='ltr'>usus</span> <span class='ocrx_word' id='word_1_82' title='bbox 1397 712 1466 752; x_wconf 86' lang='lat' dir='ltr'>sed</span> <span class='ocrx_word' id='word_1_83' title='bbox 1486 712 1605 752; x_wconf 86' lang='lat' dir='ltr'>etiam</span> 
     </span>
    </p>

    <p class='ocr_par' dir='ltr' id='par_1_5' title="bbox 204 775 1609 828">
     <span class='ocr_line' id='line_1_12' title="bbox 204 775 1609 828; baseline 0 -12"><span class='ocrx_word' id='word_1_84' title='bbox 204 776 388 826; x_wconf 80' lang='lat' dir='ltr'>cogitatio</span> <span class='ocrx_word' id='word_1_85' title='bbox 416 775 613 828; x_wconf 89' lang='lat' dir='ltr'>delectat),</span> <span class='ocrx_word' id='word_1_86' title='bbox 645 787 692 816; x_wconf 84' lang='lat' dir='ltr'>ex</span> <span class='ocrx_word' id='word_1_87' title='bbox 712 777 800 816; x_wconf 84' lang='lat' dir='ltr'>Tac.</span> <span class='ocrx_word' id='word_1_88' title='bbox 815 776 861 816; x_wconf 92' lang='lat' dir='ltr'>A.</span> <span class='ocrx_word' id='word_1_89' title='bbox 881 776 909 815; x_wconf 92' lang='lat' dir='ltr'>I.</span> <span class='ocrx_word' id='word_1_90' title='bbox 930 777 994 825; x_wconf 84' lang='lat'>49,</span> <span class='ocrx_word' id='word_1_91' title='bbox 1023 778 1050 816; x_wconf 86' lang='lat'>4</span> <span class='ocrx_word' id='word_1_92' title='bbox 1078 777 1241 827; x_wconf 87' lang='lat' dir='ltr'>(clamor</span> <span class='ocrx_word' id='word_1_93' title='bbox 1261 777 1424 816; x_wconf 88' lang='lat' dir='ltr'>vulnera</span> <span class='ocrx_word' id='word_1_94' title='bbox 1451 776 1609 825; x_wconf 87' lang='lat' dir='ltr'>sanguis</span> 
     </span>
    </p>

    <p class='ocr_par' dir='ltr' id='par_1_6' title="bbox 203 840 1608 891">
     <span class='ocr_line' id='line_1_13' title="bbox 203 840 1608 891; baseline -0.001 -11"><span class='ocrx_word' id='word_1_95' title='bbox 203 840 345 890; x_wconf 85' lang='lat' dir='ltr'>palam,</span> <span class='ocrx_word' id='word_1_96' title='bbox 383 851 501 880; x_wconf 89' lang='lat' dir='ltr'>causa</span> <span class='ocrx_word' id='word_1_97' title='bbox 541 842 581 880; x_wconf 92' lang='lat' dir='ltr'>in</span> <span class='ocrx_word' id='word_1_98' title='bbox 620 840 799 890; x_wconf 82' lang='lat' dir='ltr'>occulto),</span> <span class='ocrx_word' id='word_1_99' title='bbox 835 840 880 879; x_wconf 94' lang='lat' dir='ltr'>A.</span> <span class='ocrx_word' id='word_1_100' title='bbox 897 841 926 879; x_wconf 92' lang='lat' dir='ltr'>I.</span> <span class='ocrx_word' id='word_1_101' title='bbox 959 842 992 888; x_wconf 79' lang='grc'>1,</span> <span class='ocrx_word' id='word_1_102' title='bbox 1027 841 1074 879; x_wconf 83' lang='grc'>12</span> <span class='ocrx_word' id='word_1_103' title='bbox 1118 841 1224 891; x_wconf 84' lang='lat' dir='ltr'>(inde</span> <span class='ocrx_word' id='word_1_104' title='bbox 1257 841 1456 881; x_wconf 83' lang='lat' dir='ltr'>consilium</span> <span class='ocrx_word' id='word_1_105' title='bbox 1483 840 1608 890; x_wconf 84' lang='lat' dir='ltr'>mihi).</span> 
     </span>
    </p>
   </div>
   <div class='ocr_carea' id='block_1_4' title="bbox 205 897 1673 955">
    <p class='ocr_par' dir='ltr' id='par_1_7' title="bbox 205 897 1673 955">
     <span class='ocr_line' id='line_1_14' title="bbox 205 897 1673 955; baseline -0.002 -10"><span class='ocrx_word' id='word_1_106' title='bbox 205 905 351 954; x_wconf 85' lang='lat' dir='ltr'>Magna</span> <span class='ocrx_word' id='word_1_107' title='bbox 379 908 511 944; x_wconf 88' lang='lat' dir='ltr'>autem</span> <span class='ocrx_word' id='word_1_108' title='bbox 548 904 642 943; x_wconf 92' lang='lat' dir='ltr'>mihi</span> <span class='ocrx_word' id='word_1_109' title='bbox 676 907 738 944; x_wconf 88' lang='lat' dir='ltr'>est</span> <span class='ocrx_word' id='word_1_110' title='bbox 773 904 963 943; x_wconf 83' lang='lat' dir='ltr'>dubitatio</span> <span class='ocrx_word' id='word_1_111' title='bbox 993 905 1041 944; x_wconf 89' lang='lat' dir='ltr'>de</span> <span class='ocrx_word' id='word_1_112' title='bbox 1069 905 1116 944; x_wconf 89' lang='lat' dir='ltr'>iis</span> <span class='ocrx_word' id='word_1_113' title='bbox 1152 905 1281 953; x_wconf 87' lang='lat' dir='ltr'>rebus,</span> <span class='ocrx_word' id='word_1_114' title='bbox 1311 897 1409 955; x_wconf 84' lang='lat' dir='ltr'>quas</span> <span class='ocrx_word' id='word_1_115' title='bbox 1437 904 1610 944; x_wconf 85' lang='lat' dir='ltr'>Gossrau</span> <span class='ocrx_word' id='word_1_116' title='bbox 1670 909 1673 911; x_wconf 65' lang='grc'><strong>“</strong></span> 
     </span>
    </p>
   </div>
   <div class='ocr_carea' id='block_1_5' title="bbox 0 969 1612 2495">
    <p class='ocr_par' dir='ltr' id='par_1_8' title="bbox 204 969 1609 1019">
     <span class='ocr_line' id='line_1_15' title="bbox 204 969 1609 1019; baseline -0.002 -10"><span class='ocrx_word' id='word_1_117' title='bbox 204 969 380 1019; x_wconf 89' lang='lat' dir='ltr'>protulit,</span> <span class='ocrx_word' id='word_1_118' title='bbox 419 972 552 1008; x_wconf 91' lang='lat' dir='ltr'>utrum</span> <span class='ocrx_word' id='word_1_119' title='bbox 585 969 688 1018; x_wconf 82' lang='lat' dir='ltr'>apud</span> <span class='ocrx_word' id='word_1_120' title='bbox 723 979 834 1007; x_wconf 82' lang='lat' dir='ltr'>casus</span> <span class='ocrx_word' id='word_1_121' title='bbox 871 969 1045 1018; x_wconf 90' lang='lat' dir='ltr'>obliquos</span> <span class='ocrx_word' id='word_1_122' title='bbox 1082 972 1124 1008; x_wconf 86' lang='lat' dir='ltr'>et</span> <span class='ocrx_word' id='word_1_123' title='bbox 1158 969 1259 1018; x_wconf 88' lang='lat' dir='ltr'>apud</span> <span class='ocrx_word' id='word_1_124' title='bbox 1297 969 1609 1018; x_wconf 86' lang='lat' dir='ltr'>praepositiones</span> 
     </span>
    </p>

    <p class='ocr_par' dir='ltr' id='par_1_9' title="bbox 205 1032 1608 1082">
     <span class='ocr_line' id='line_1_16' title="bbox 205 1032 1608 1082; baseline -0.001 -10"><span class='ocrx_word' id='word_1_125' title='bbox 205 1045 240 1073; x_wconf 85' lang='lat' dir='ltr'>v.</span> <span class='ocrx_word' id='word_1_126' title='bbox 270 1032 556 1073; x_wconf 88' lang='lat' dir='ltr'>substantivum</span> <span class='ocrx_word' id='word_1_127' title='bbox 584 1032 721 1082; x_wconf 81' lang='lat' dir='ltr'>copula</span> <span class='ocrx_word' id='word_1_128' title='bbox 758 1032 809 1071; x_wconf 86' lang='lat' dir='ltr'>sit</span> <span class='ocrx_word' id='word_1_129' title='bbox 845 1044 895 1071; x_wconf 91' lang='lat' dir='ltr'>an</span> <span class='ocrx_word' id='word_1_130' title='bbox 931 1032 1094 1072; x_wconf 89' lang='lat' dir='ltr'>verbum</span> <span class='ocrx_word' id='word_1_131' title='bbox 1132 1033 1336 1081; x_wconf 83' lang='lat' dir='ltr'>existendi,</span> <span class='ocrx_word' id='word_1_132' title='bbox 1374 1032 1608 1082; x_wconf 83' lang='lat' dir='ltr'>praesertim</span> 
     </span>
    </p>

    <p class='ocr_par' dir='ltr' id='par_1_10' title="bbox 205 1096 1610 1147">
     <span class='ocr_line' id='line_1_17' title="bbox 205 1096 1610 1147; baseline -0.001 -10"><span class='ocrx_word' id='word_1_133' title='bbox 205 1097 246 1137; x_wconf 89' lang='lat' dir='ltr'>in</span> <span class='ocrx_word' id='word_1_134' title='bbox 274 1096 367 1136; x_wconf 88' lang='lat' dir='ltr'>locis</span> <span class='ocrx_word' id='word_1_135' title='bbox 396 1096 580 1136; x_wconf 88' lang='lat' dir='ltr'>Tacitinis</span> <span class='ocrx_word' id='word_1_136' title='bbox 608 1096 886 1136; x_wconf 88' lang='lat' dir='ltr'>huiuscemodi:</span> <span class='ocrx_word' id='word_1_137' title='bbox 937 1097 986 1136; x_wconf 92' lang='lat' dir='ltr'>H.</span> <span class='ocrx_word' id='word_1_138' title='bbox 1016 1097 1081 1136; x_wconf 87' lang='lat' dir='ltr'>IV.</span> <span class='ocrx_word' id='word_1_139' title='bbox 1111 1098 1147 1145; x_wconf 88' lang='lat'>4,</span> <span class='ocrx_word' id='word_1_140' title='bbox 1178 1099 1202 1137; x_wconf 86' lang='lat'><strong>3</strong></span> <span class='ocrx_word' id='word_1_141' title='bbox 1240 1097 1341 1147; x_wconf 84' lang='lat' dir='ltr'>(ipsa</span> <span class='ocrx_word' id='word_1_142' title='bbox 1369 1107 1523 1146; x_wconf 92' lang='lat' dir='ltr'>quoque</span> <span class='ocrx_word' id='word_1_143' title='bbox 1552 1096 1610 1135; x_wconf 88' lang='lat' dir='ltr'>in-</span> 
     </span>
    </p>

    <p class='ocr_par' dir='ltr' id='par_1_11' title="bbox 206 1160 1611 1215">
     <span class='ocr_line' id='line_1_18' title="bbox 206 1160 1611 1215; baseline -0.002 -14"><span class='ocrx_word' id='word_1_144' title='bbox 206 1161 369 1215; x_wconf 83' lang='lat' dir='ltr'>sectatio</span> <span class='ocrx_word' id='word_1_145' title='bbox 397 1161 437 1199; x_wconf 91' lang='lat' dir='ltr'>in</span> <span class='ocrx_word' id='word_1_146' title='bbox 463 1160 664 1200; x_wconf 87' lang='lat' dir='ltr'>Vitellium</span> <span class='ocrx_word' id='word_1_147' title='bbox 702 1172 791 1200; x_wconf 86' lang='lat' dir='ltr'>sera</span> <span class='ocrx_word' id='word_1_148' title='bbox 819 1164 861 1200; x_wconf 91' lang='lat' dir='ltr'>et</span> <span class='ocrx_word' id='word_1_149' title='bbox 896 1162 978 1200; x_wconf 89' lang='lat' dir='ltr'>sine</span> <span class='ocrx_word' id='word_1_150' title='bbox 1016 1161 1211 1210; x_wconf 87' lang='lat' dir='ltr'>libertate,</span> <span class='ocrx_word' id='word_1_151' title='bbox 1251 1161 1329 1200; x_wconf 89' lang='lat' dir='ltr'>scil.</span> <span class='ocrx_word' id='word_1_152' title='bbox 1360 1160 1478 1210; x_wconf 88' lang='lat' dir='ltr'>erat.)</span> <span class='ocrx_word' id='word_1_153' title='bbox 1515 1160 1611 1209; x_wconf 87' lang='lat' dir='ltr'>Agr.</span> 
     </span>
    </p>

    <p class='ocr_par' dir='ltr' id='par_1_12' title="bbox 205 1224 1612 1277">
     <span class='ocr_line' id='line_1_19' title="bbox 205 1224 1612 1277; baseline -0.003 -11"><span class='ocrx_word' id='word_1_154' title='bbox 205 1227 243 1274; x_wconf 85' lang='lat'>5,</span> <span class='ocrx_word' id='word_1_155' title='bbox 272 1226 297 1265; x_wconf 91' lang='grc'>8</span> <span class='ocrx_word' id='word_1_156' title='bbox 326 1224 419 1277; x_wconf 88' lang='grc'><strong>(11011</strong></span> <span class='ocrx_word' id='word_1_157' title='bbox 447 1237 540 1264; x_wconf 89' lang='lat' dir='ltr'>sane</span> <span class='ocrx_word' id='word_1_158' title='bbox 569 1225 665 1264; x_wconf 89' lang='lat' dir='ltr'>alias</span> <span class='ocrx_word' id='word_1_159' title='bbox 690 1225 896 1264; x_wconf 86' lang='lat' dir='ltr'>excitatior</span> <span class='ocrx_word' id='word_1_160' title='bbox 915 1226 1115 1275; x_wconf 84' lang='lat' dir='ltr'>magisque</span> <span class='ocrx_word' id='word_1_161' title='bbox 1143 1226 1182 1264; x_wconf 91' lang='lat' dir='ltr'>in</span> <span class='ocrx_word' id='word_1_162' title='bbox 1209 1226 1390 1274; x_wconf 87' lang='lat' dir='ltr'>ambiguo</span> <span class='ocrx_word' id='word_1_163' title='bbox 1407 1224 1612 1264; x_wconf 82' lang='lat' dir='ltr'>Britannia</span> 
     </span>
    </p>

    <p class='ocr_par' dir='ltr' id='par_1_13' title="bbox 0 1286 1612 2170">
     <span class='ocr_line' id='line_1_20' title="bbox 0 1286 1612 1341; baseline -0.001 -14"><span class='ocrx_word' id='word_1_164' title='bbox 0 1327 3 1341; x_wconf 9' lang='grc' dir='ltr'>,μ</span> <span class='ocrx_word' id='word_1_165' title='bbox 206 1288 297 1339; x_wconf 84' lang='lat' dir='ltr'>fuit)</span> <span class='ocrx_word' id='word_1_166' title='bbox 319 1288 458 1338; x_wconf 90' lang='lat' dir='ltr'>quibus</span> <span class='ocrx_word' id='word_1_167' title='bbox 479 1301 514 1327; x_wconf 90' lang='lat' dir='ltr'>v.</span> <span class='ocrx_word' id='word_1_168' title='bbox 535 1289 820 1328; x_wconf 89' lang='lat' dir='ltr'>substantivum</span> <span class='ocrx_word' id='word_1_169' title='bbox 835 1286 999 1338; x_wconf 46' lang='lat' dir='ltr'>*propter</span> <span class='ocrx_word' id='word_1_170' title='bbox 1016 1290 1250 1329; x_wconf 87' lang='lat' dir='ltr'>adiectivum</span> <span class='ocrx_word' id='word_1_171' title='bbox 1270 1289 1419 1338; x_wconf 88' lang='lat' dir='ltr'>copula,</span> <span class='ocrx_word' id='word_1_172' title='bbox 1449 1292 1612 1338; x_wconf 87' lang='lat' dir='ltr'>propter</span> 
     </span>
     <span class='ocr_line' id='line_1_21' title="bbox 0 1353 1607 1403; baseline 0 -12"><span class='ocrx_word' id='word_1_173' title='bbox 0 1359 27 1403; x_wconf 71' lang='grc' dir='ltr'>’ζ</span> <span class='ocrx_word' id='word_1_174' title='bbox 205 1353 534 1403; x_wconf 84' lang='lat' dir='ltr'>praepositionem</span> <span class='ocrx_word' id='word_1_175' title='bbox 570 1353 779 1392; x_wconf 89' lang='lat' dir='ltr'>secundum</span> <span class='ocrx_word' id='word_1_176' title='bbox 818 1353 1070 1393; x_wconf 87' lang='lat' dir='ltr'>Gossrauium</span> <span class='ocrx_word' id='word_1_177' title='bbox 1106 1354 1270 1394; x_wconf 90' lang='lat' dir='ltr'>verbum</span> <span class='ocrx_word' id='word_1_178' title='bbox 1307 1353 1499 1393; x_wconf 85' lang='lat' dir='ltr'>existendi</span> <span class='ocrx_word' id='word_1_179' title='bbox 1535 1354 1607 1392; x_wconf 89' lang='lat' dir='ltr'>est.</span> 
     </span>
     <span class='ocr_line' id='line_1_22' title="bbox 0 1416 1607 1466; baseline -0.001 -10"><span class='ocrx_word' id='word_1_180' title='bbox 0 1418 13 1427; x_wconf 62' lang='lat'><strong>²</strong></span> <span class='ocrx_word' id='word_1_181' title='bbox 205 1417 290 1456; x_wconf 89' lang='lat' dir='ltr'>Hac</span> <span class='ocrx_word' id='word_1_182' title='bbox 330 1417 370 1455; x_wconf 91' lang='lat' dir='ltr'>in</span> <span class='ocrx_word' id='word_1_183' title='bbox 404 1417 645 1456; x_wconf 87' lang='lat' dir='ltr'>dubitatione</span> <span class='ocrx_word' id='word_1_184' title='bbox 686 1417 726 1455; x_wconf 87' lang='lat' dir='ltr'>id</span> <span class='ocrx_word' id='word_1_185' title='bbox 764 1416 858 1456; x_wconf 90' lang='lat' dir='ltr'>mihi</span> <span class='ocrx_word' id='word_1_186' title='bbox 899 1421 1084 1466; x_wconf 91' lang='lat' dir='ltr'>punctum</span> <span class='ocrx_word' id='word_1_187' title='bbox 1126 1418 1268 1457; x_wconf 88' lang='lat' dir='ltr'>saliens</span> <span class='ocrx_word' id='word_1_188' title='bbox 1310 1418 1465 1457; x_wconf 89' lang='lat' dir='ltr'>videtur</span> <span class='ocrx_word' id='word_1_189' title='bbox 1508 1427 1607 1464; x_wconf 84' lang='lat' dir='ltr'>esse,</span> 
     </span>
     <span class='ocr_line' id='line_1_23' title="bbox 206 1480 1608 1530; baseline -0.001 -10"><span class='ocrx_word' id='word_1_190' title='bbox 206 1491 398 1530; x_wconf 85' lang='lat' dir='ltr'>quaerere</span> <span class='ocrx_word' id='word_1_191' title='bbox 426 1484 558 1520; x_wconf 89' lang='lat' dir='ltr'>utrum</span> <span class='ocrx_word' id='word_1_192' title='bbox 587 1491 698 1520; x_wconf 90' lang='lat' dir='ltr'>casus</span> <span class='ocrx_word' id='word_1_193' title='bbox 726 1480 903 1530; x_wconf 89' lang='lat' dir='ltr'>obliquus</span> <span class='ocrx_word' id='word_1_194' title='bbox 932 1480 993 1519; x_wconf 90' lang='lat' dir='ltr'>vel</span> <span class='ocrx_word' id='word_1_195' title='bbox 1020 1481 1257 1530; x_wconf 88' lang='lat' dir='ltr'>praepositio</span> <span class='ocrx_word' id='word_1_196' title='bbox 1293 1480 1457 1519; x_wconf 89' lang='lat' dir='ltr'>nominis</span> <span class='ocrx_word' id='word_1_197' title='bbox 1493 1490 1608 1528; x_wconf 91' lang='lat' dir='ltr'>prae-</span> 
     </span>
     <span class='ocr_line' id='line_1_24' title="bbox 206 1542 1609 1584; baseline -0.002 0"><span class='ocrx_word' id='word_1_198' title='bbox 206 1545 362 1584; x_wconf 89' lang='lat' dir='ltr'>dicativi</span> <span class='ocrx_word' id='word_1_199' title='bbox 390 1556 439 1583; x_wconf 91' lang='lat' dir='ltr'>an</span> <span class='ocrx_word' id='word_1_200' title='bbox 457 1544 719 1584; x_wconf 85' lang='lat' dir='ltr'>adverbialem</span> <span class='ocrx_word' id='word_1_201' title='bbox 747 1542 892 1583; x_wconf 87' lang='lat' dir='ltr'>habeat</span> <span class='ocrx_word' id='word_1_202' title='bbox 910 1544 988 1582; x_wconf 91' lang='lat' dir='ltr'>vim</span> <span class='ocrx_word' id='word_1_203' title='bbox 1012 1555 1084 1583; x_wconf 90' lang='lat' dir='ltr'>nec</span> <span class='ocrx_word' id='word_1_204' title='bbox 1103 1545 1253 1583; x_wconf 88' lang='lat' dir='ltr'>varium</span> <span class='ocrx_word' id='word_1_205' title='bbox 1274 1556 1386 1583; x_wconf 90' lang='lat' dir='ltr'>usum</span> <span class='ocrx_word' id='word_1_206' title='bbox 1412 1544 1609 1583; x_wconf 87' lang='lat' dir='ltr'>variorum</span> 
     </span>
     <span class='ocr_line' id='line_1_25' title="bbox 207 1607 1609 1657; baseline -0.001 -10"><span class='ocrx_word' id='word_1_207' title='bbox 207 1608 439 1657; x_wconf 85' lang='lat' dir='ltr'>scriptorum</span> <span class='ocrx_word' id='word_1_208' title='bbox 478 1619 689 1657; x_wconf 84' lang='lat' dir='ltr'>agnoscere</span> <span class='ocrx_word' id='word_1_209' title='bbox 730 1620 807 1647; x_wconf 91' lang='lat' dir='ltr'>non</span> <span class='ocrx_word' id='word_1_210' title='bbox 848 1609 1079 1657; x_wconf 84' lang='lat' dir='ltr'>permissum</span> <span class='ocrx_word' id='word_1_211' title='bbox 1121 1612 1191 1647; x_wconf 88' lang='lat' dir='ltr'>est.</span> <span class='ocrx_word' id='word_1_212' title='bbox 1256 1608 1296 1646; x_wconf 84' lang='lat' dir='ltr'>Si</span> <span class='ocrx_word' id='word_1_213' title='bbox 1339 1609 1395 1647; x_wconf 91' lang='lat' dir='ltr'>ita</span> <span class='ocrx_word' id='word_1_214' title='bbox 1436 1607 1609 1656; x_wconf 87' lang='lat' dir='ltr'>singulos</span> 
     </span>
     <span class='ocr_line' id='line_1_26' title="bbox 207 1671 1608 1722; baseline -0.001 -10"><span class='ocrx_word' id='word_1_215' title='bbox 207 1683 318 1712; x_wconf 86' lang='lat' dir='ltr'>casus</span> <span class='ocrx_word' id='word_1_216' title='bbox 344 1672 619 1722; x_wconf 88' lang='lat' dir='ltr'>percurrimus,</span> <span class='ocrx_word' id='word_1_217' title='bbox 649 1672 816 1722; x_wconf 88' lang='lat' dir='ltr'>primum</span> <span class='ocrx_word' id='word_1_218' title='bbox 843 1672 1060 1712; x_wconf 88' lang='lat' dir='ltr'>invenimus</span> <span class='ocrx_word' id='word_1_219' title='bbox 1094 1675 1359 1712; x_wconf 88' lang='lat' dir='ltr'>constructum</span> <span class='ocrx_word' id='word_1_220' title='bbox 1375 1685 1409 1712; x_wconf 75' lang='lat' dir='ltr'>v,</span> <span class='ocrx_word' id='word_1_221' title='bbox 1427 1671 1608 1712; x_wconf 86' lang='lat' dir='ltr'>substan-</span> 
     </span>
     <span class='ocr_line' id='line_1_27' title="bbox 206 1736 1608 1787; baseline -0.003 -11"><span class='ocrx_word' id='word_1_222' title='bbox 206 1737 330 1785; x_wconf 75' lang='lat' dir='ltr'>tivum</span> <span class='ocrx_word' id='word_1_223' title='bbox 344 1748 430 1776; x_wconf 88' lang='lat' dir='ltr'>cum</span> <span class='ocrx_word' id='word_1_224' title='bbox 443 1738 636 1786; x_wconf 86' lang='lat' dir='ltr'>genetivo,</span> <span class='ocrx_word' id='word_1_225' title='bbox 666 1738 732 1787; x_wconf 92' lang='lat' dir='ltr'>qui</span> <span class='ocrx_word' id='word_1_226' title='bbox 749 1737 1033 1785; x_wconf 85' lang='lat' dir='ltr'>possessionem</span> <span class='ocrx_word' id='word_1_227' title='bbox 1060 1737 1215 1784; x_wconf 86' lang='lat' dir='ltr'>indicat,</span> <span class='ocrx_word' id='word_1_228' title='bbox 1246 1740 1290 1775; x_wconf 88' lang='lat' dir='ltr'>ut</span> <span class='ocrx_word' id='word_1_229' title='bbox 1318 1748 1402 1774; x_wconf 81' lang='lat' dir='ltr'>esse</span> <span class='ocrx_word' id='word_1_230' title='bbox 1431 1736 1608 1782; x_wconf 74' lang='lat' dir='ltr'>dicionis,</span> 
     </span>
     <span class='ocr_line' id='line_1_28' title="bbox 205 1799 1611 1852; baseline 0 -13"><span class='ocrx_word' id='word_1_231' title='bbox 205 1803 412 1851; x_wconf 82' lang='lat' dir='ltr'>potestatis</span> <span class='ocrx_word' id='word_1_232' title='bbox 455 1801 645 1851; x_wconf 86' lang='lat' dir='ltr'>(Gossrau</span> <span class='ocrx_word' id='word_1_233' title='bbox 686 1802 719 1852; x_wconf 65' lang='lat'>§-</span> <span class='ocrx_word' id='word_1_234' title='bbox 757 1800 852 1851; x_wconf 81' lang='lat'>258)</span> <span class='ocrx_word' id='word_1_235' title='bbox 889 1800 955 1840; x_wconf 91' lang='lat' dir='ltr'>ubi</span> <span class='ocrx_word' id='word_1_236' title='bbox 993 1807 1052 1839; x_wconf 80' lang='lat' dir='ltr'>est</span> <span class='ocrx_word' id='word_1_237' title='bbox 1087 1813 1164 1840; x_wconf 92' lang='lat' dir='ltr'>non</span> <span class='ocrx_word' id='word_1_238' title='bbox 1200 1800 1312 1841; x_wconf 82' lang='lat' dir='ltr'>facile</span> <span class='ocrx_word' id='word_1_239' title='bbox 1350 1801 1487 1851; x_wconf 86' lang='lat' dir='ltr'>copula</span> <span class='ocrx_word' id='word_1_240' title='bbox 1524 1799 1611 1840; x_wconf 88' lang='lat' dir='ltr'>fieri</span> 
     </span>
     <span class='ocr_line' id='line_1_29' title="bbox 206 1864 1610 1915; baseline -0.001 -11"><span class='ocrx_word' id='word_1_241' title='bbox 206 1866 357 1914; x_wconf 83' lang='lat' dir='ltr'>potest3</span> <span class='ocrx_word' id='word_1_242' title='bbox 387 1868 522 1904; x_wconf 89' lang='lat' dir='ltr'>contra</span> <span class='ocrx_word' id='word_1_243' title='bbox 549 1866 588 1903; x_wconf 93' lang='lat' dir='ltr'>in</span> <span class='ocrx_word' id='word_1_244' title='bbox 605 1866 902 1913; x_wconf 88' lang='lat' dir='ltr'>constructione,</span> <span class='ocrx_word' id='word_1_245' title='bbox 931 1865 998 1903; x_wconf 89' lang='lat' dir='ltr'>ubi</span> <span class='ocrx_word' id='word_1_246' title='bbox 1025 1865 1230 1913; x_wconf 86' lang='lat' dir='ltr'>genetivus</span> <span class='ocrx_word' id='word_1_247' title='bbox 1259 1877 1345 1904; x_wconf 87' lang='lat' dir='ltr'>cum</span> <span class='ocrx_word' id='word_1_248' title='bbox 1374 1878 1458 1903; x_wconf 82' lang='lat' dir='ltr'>esse</span> <span class='ocrx_word' id='word_1_249' title='bbox 1486 1864 1610 1915; x_wconf 86' lang='lat' dir='ltr'>quali-</span> 
     </span>
     <span class='ocr_line' id='line_1_30' title="bbox 209 1930 1611 1979; baseline -0.001 -10"><span class='ocrx_word' id='word_1_250' title='bbox 209 1932 333 1969; x_wconf 85' lang='lat' dir='ltr'>tatem</span> <span class='ocrx_word' id='word_1_251' title='bbox 348 1930 511 1969; x_wconf 84' lang='lat' dir='ltr'>alicuius</span> <span class='ocrx_word' id='word_1_252' title='bbox 526 1930 585 1969; x_wconf 92' lang='lat' dir='ltr'>rei</span> <span class='ocrx_word' id='word_1_253' title='bbox 600 1930 757 1977; x_wconf 83' lang='lat' dir='ltr'>indicat,</span> <span class='ocrx_word' id='word_1_254' title='bbox 779 1933 903 1969; x_wconf 84' lang='lat' dir='ltr'>utres</span> <span class='ocrx_word' id='word_1_255' title='bbox 918 1935 975 1967; x_wconf 82' lang='lat' dir='ltr'>est</span> <span class='ocrx_word' id='word_1_256' title='bbox 1002 1932 1131 1978; x_wconf 76' lang='lat' dir='ltr'>mayni</span> <span class='ocrx_word' id='word_1_257' title='bbox 1160 1930 1376 1979; x_wconf 63' lang='lat' dir='ltr'>laborisss),</span> <span class='ocrx_word' id='word_1_258' title='bbox 1404 1930 1611 1978; x_wconf 86' lang='lat' dir='ltr'>genetivus</span> 
     </span>
     <span class='ocr_line' id='line_1_31' title="bbox 207 1992 1612 2042; baseline 0 -11"><span class='ocrx_word' id='word_1_259' title='bbox 207 1992 320 2031; x_wconf 84' lang='lat' dir='ltr'>facile</span> <span class='ocrx_word' id='word_1_260' title='bbox 346 1994 653 2041; x_wconf 85' lang='lat' dir='ltr'>praedicativam</span> <span class='ocrx_word' id='word_1_261' title='bbox 681 1994 758 2031; x_wconf 90' lang='lat' dir='ltr'>vim</span> <span class='ocrx_word' id='word_1_262' title='bbox 795 2003 949 2031; x_wconf 89' lang='lat' dir='ltr'>sumere</span> <span class='ocrx_word' id='word_1_263' title='bbox 977 1996 1135 2041; x_wconf 90' lang='lat' dir='ltr'>poterat</span> <span class='ocrx_word' id='word_1_264' title='bbox 1162 1996 1204 2032; x_wconf 88' lang='lat' dir='ltr'>et</span> <span class='ocrx_word' id='word_1_265' title='bbox 1231 1994 1369 2042; x_wconf 91' lang='lat' dir='ltr'>copula</span> <span class='ocrx_word' id='word_1_266' title='bbox 1397 1993 1537 2041; x_wconf 90' lang='lat' dir='ltr'>omitti,</span> <span class='ocrx_word' id='word_1_267' title='bbox 1567 1995 1612 2031; x_wconf 89' lang='lat' dir='ltr'>ut</span> 
     </span>
     <span class='ocr_line' id='line_1_32' title="bbox 206 2055 1611 2106; baseline 0 -11"><span class='ocrx_word' id='word_1_268' title='bbox 206 2055 256 2096; x_wconf 90' lang='lat' dir='ltr'>H.</span> <span class='ocrx_word' id='word_1_269' title='bbox 294 2056 323 2096; x_wconf 92' lang='lat' dir='ltr'>I.</span> <span class='ocrx_word' id='word_1_270' title='bbox 359 2057 417 2105; x_wconf 82' lang='lat'>15,</span> <span class='ocrx_word' id='word_1_271' title='bbox 456 2057 508 2097; x_wconf 82' lang='lat'>25</span> <span class='ocrx_word' id='word_1_272' title='bbox 546 2057 652 2106; x_wconf 86' lang='lat' dir='ltr'>(nam</span> <span class='ocrx_word' id='word_1_273' title='bbox 691 2057 856 2096; x_wconf 87' lang='lat' dir='ltr'>suadere</span> <span class='ocrx_word' id='word_1_274' title='bbox 898 2057 1074 2106; x_wconf 89' lang='lat' dir='ltr'>principi,</span> <span class='ocrx_word' id='word_1_275' title='bbox 1117 2057 1219 2106; x_wconf 90' lang='lat' dir='ltr'>quod</span> <span class='ocrx_word' id='word_1_276' title='bbox 1263 2060 1456 2106; x_wconf 86' lang='lat' dir='ltr'>oporteat,</span> <span class='ocrx_word' id='word_1_277' title='bbox 1498 2056 1611 2096; x_wconf 89' lang='lat' dir='ltr'>multi</span> 
     </span>
     <span class='ocr_line' id='line_1_33' title="bbox 206 2120 1611 2170; baseline 0 -11"><span class='ocrx_word' id='word_1_278' title='bbox 206 2120 372 2168; x_wconf 88' lang='lat' dir='ltr'>laboris,</span> <span class='ocrx_word' id='word_1_279' title='bbox 415 2121 635 2160; x_wconf 81' lang='lat' dir='ltr'>adsentatio</span> <span class='ocrx_word' id='word_1_280' title='bbox 677 2132 771 2170; x_wconf 87' lang='lat' dir='ltr'>erga</span> <span class='ocrx_word' id='word_1_281' title='bbox 799 2131 1067 2170; x_wconf 87' lang='lat' dir='ltr'>quemcunque</span> <span class='ocrx_word' id='word_1_282' title='bbox 1095 2122 1308 2170; x_wconf 86' lang='lat' dir='ltr'>principem</span> <span class='ocrx_word' id='word_1_283' title='bbox 1344 2122 1427 2161; x_wconf 91' lang='lat' dir='ltr'>sine</span> <span class='ocrx_word' id='word_1_284' title='bbox 1456 2121 1611 2161; x_wconf 86' lang='lat' dir='ltr'>adfectu</span> 
     </span>
    </p>

    <p class='ocr_par' dir='ltr' id='par_1_14' title="bbox 170 2184 1612 2495">
     <span class='ocr_line' id='line_1_34' title="bbox 170 2184 1612 2238; baseline 0.001 -13"><span class='ocrx_word' id='word_1_285' title='bbox 170 2198 172 2202; x_wconf 92' lang='lat'>·</span> <span class='ocrx_word' id='word_1_286' title='bbox 206 2184 425 2238; x_wconf 85' lang='lat' dir='ltr'>peragitur)</span> <span class='ocrx_word' id='word_1_287' title='bbox 454 2187 560 2225; x_wconf 81' lang='lat' dir='ltr'>multi</span> <span class='ocrx_word' id='word_1_288' title='bbox 594 2187 742 2224; x_wconf 79' lang='lat' dir='ltr'>laboris</span> <span class='ocrx_word' id='word_1_289' title='bbox 770 2186 832 2225; x_wconf 90' lang='lat' dir='ltr'>hic</span> <span class='ocrx_word' id='word_1_290' title='bbox 859 2186 995 2226; x_wconf 87' lang='lat' dir='ltr'>eodem</span> <span class='ocrx_word' id='word_1_291' title='bbox 1023 2186 1134 2226; x_wconf 90' lang='lat' dir='ltr'>modo</span> <span class='ocrx_word' id='word_1_292' title='bbox 1166 2190 1378 2226; x_wconf 87' lang='lat' dir='ltr'>tractatum</span> <span class='ocrx_word' id='word_1_293' title='bbox 1406 2190 1467 2226; x_wconf 90' lang='lat' dir='ltr'>est</span> <span class='ocrx_word' id='word_1_294' title='bbox 1495 2198 1612 2237; x_wconf 82' lang='lat' dir='ltr'>quam</span> 
     </span>
     <span class='ocr_line' id='line_1_35' title="bbox 207 2249 1612 2301; baseline 0.001 -13"><span class='ocrx_word' id='word_1_295' title='bbox 207 2249 241 2288; x_wconf 87' lang='lat' dir='ltr'>si</span> <span class='ocrx_word' id='word_1_296' title='bbox 269 2252 444 2289; x_wconf 84' lang='lat' dir='ltr'>exstaret</span> <span class='ocrx_word' id='word_1_297' title='bbox 471 2250 704 2290; x_wconf 85' lang='lat' dir='ltr'>adiectivum</span> <span class='ocrx_word' id='word_1_298' title='bbox 733 2251 963 2290; x_wconf 72' lang='lat' dir='ltr'>laboriosus.</span> <span class='ocrx_word' id='word_1_299' title='bbox 998 2252 1146 2291; x_wconf 91' lang='lat' dir='ltr'>Eodem</span> <span class='ocrx_word' id='word_1_300' title='bbox 1174 2252 1285 2291; x_wconf 90' lang='lat' dir='ltr'>modo</span> <span class='ocrx_word' id='word_1_301' title='bbox 1314 2253 1418 2301; x_wconf 87' lang='lat' dir='ltr'>apud</span> <span class='ocrx_word' id='word_1_302' title='bbox 1438 2252 1612 2291; x_wconf 87' lang='lat' dir='ltr'>dativum</span> 
     </span>
     <span class='ocr_line' id='line_1_36' title="bbox 208 2312 1611 2356; baseline 0.004 -5"><span class='ocrx_word' id='word_1_303' title='bbox 208 2312 309 2352; x_wconf 88' lang='lat' dir='ltr'>duae</span> <span class='ocrx_word' id='word_1_304' title='bbox 338 2314 645 2354; x_wconf 87' lang='lat' dir='ltr'>constructiones</span> <span class='ocrx_word' id='word_1_305' title='bbox 682 2314 960 2355; x_wconf 89' lang='lat' dir='ltr'>discernendae</span> <span class='ocrx_word' id='word_1_306' title='bbox 997 2320 1099 2355; x_wconf 91' lang='lat' dir='ltr'>sunt.</span> <span class='ocrx_word' id='word_1_307' title='bbox 1160 2318 1191 2356; x_wconf 91' lang='grc'>1.</span> <span class='ocrx_word' id='word_1_308' title='bbox 1221 2317 1318 2354; x_wconf 80' lang='lat' dir='ltr'>Esse</span> <span class='ocrx_word' id='word_1_309' title='bbox 1357 2327 1445 2355; x_wconf 92' lang='lat' dir='ltr'>cum</span> <span class='ocrx_word' id='word_1_310' title='bbox 1480 2316 1611 2356; x_wconf 85' lang='lat' dir='ltr'>dativo</span> 
     </span>
     <span class='ocr_line' id='line_1_37' title="bbox 208 2378 1610 2432; baseline 0.004 -15"><span class='ocrx_word' id='word_1_311' title='bbox 208 2388 399 2426; x_wconf 86' lang='lat' dir='ltr'>personae</span> <span class='ocrx_word' id='word_1_312' title='bbox 414 2390 466 2416; x_wconf 73' lang='lat' dir='ltr'><strong><em>z</em></strong></span> <span class='ocrx_word' id='word_1_313' title='bbox 482 2378 619 2427; x_wconf 87' lang='lat' dir='ltr'>habeo,</span> <span class='ocrx_word' id='word_1_314' title='bbox 636 2382 680 2418; x_wconf 90' lang='lat' dir='ltr'>ut</span> <span class='ocrx_word' id='word_1_315' title='bbox 699 2380 790 2417; x_wconf 76' lang='lat' dir='ltr'>mihi</span> <span class='ocrx_word' id='word_1_316' title='bbox 804 2385 891 2417; x_wconf 78' lang='lat' dir='ltr'>sunt</span> <span class='ocrx_word' id='word_1_317' title='bbox 905 2380 997 2418; x_wconf 80' lang='lat' dir='ltr'>libri</span> <span class='ocrx_word' id='word_1_318' title='bbox 1012 2392 1062 2417; x_wconf 71' lang='lat' dir='ltr'><strong><em>z</em></strong></span> <span class='ocrx_word' id='word_1_319' title='bbox 1079 2381 1200 2419; x_wconf 76' lang='lat' dir='ltr'>habeo</span> <span class='ocrx_word' id='word_1_320' title='bbox 1223 2381 1344 2419; x_wconf 78' lang='lat' dir='ltr'>libros</span> <span class='ocrx_word' id='word_1_321' title='bbox 1360 2379 1422 2432; x_wconf 88' lang='lat' dir='ltr'>(G.</span> <span class='ocrx_word' id='word_1_322' title='bbox 1439 2381 1472 2431; x_wconf 60' lang='grc' dir='ltr'>ἓ.</span> <span class='ocrx_word' id='word_1_323' title='bbox 1488 2379 1610 2432; x_wconf 83' lang='lat'>283).</span> 
     </span>
     <span class='ocr_line' id='line_1_38' title="bbox 208 2440 1611 2495; baseline 0.003 -15"><span class='ocrx_word' id='word_1_324' title='bbox 208 2440 382 2481; x_wconf 89' lang='lat' dir='ltr'>Verbum</span> <span class='ocrx_word' id='word_1_325' title='bbox 400 2442 683 2483; x_wconf 84' lang='lat' dir='ltr'>substantivum</span> <span class='ocrx_word' id='word_1_326' title='bbox 711 2443 773 2483; x_wconf 90' lang='lat' dir='ltr'>hic</span> <span class='ocrx_word' id='word_1_327' title='bbox 791 2456 867 2483; x_wconf 90' lang='lat' dir='ltr'>non</span> <span class='ocrx_word' id='word_1_328' title='bbox 883 2444 979 2484; x_wconf 86' lang='lat' dir='ltr'>adeo</span> <span class='ocrx_word' id='word_1_329' title='bbox 1000 2444 1083 2484; x_wconf 88' lang='lat' dir='ltr'>sine</span> <span class='ocrx_word' id='word_1_330' title='bbox 1104 2444 1279 2494; x_wconf 88' lang='lat' dir='ltr'>emphasi</span> <span class='ocrx_word' id='word_1_331' title='bbox 1297 2449 1465 2494; x_wconf 83' lang='lat' dir='ltr'>exstare,</span> <span class='ocrx_word' id='word_1_332' title='bbox 1495 2457 1611 2495; x_wconf 90' lang='lat' dir='ltr'>quam</span> 
     </span>
    </p>
   </div>
   <div class='ocr_carea' id='block_1_6' title="bbox 211 2507 466 2512">
    <p class='ocr_par' dir='ltr' id='par_1_15' title="bbox 211 2507 466 2512">
     <span class='ocr_line' id='line_1_39' title="bbox 211 2507 466 2512; baseline 0 0"><span class='ocrx_word' id='word_1_333' title='bbox 211 2507 466 2512; x_wconf 95' lang='lat' dir='ltr'> </span> 
     </span>
    </p>
   </div>
   <div class='ocr_carea' id='block_1_7' title="bbox 293 2531 656 2574">
    <p class='ocr_par' dir='ltr' id='par_1_16' title="bbox 293 2531 656 2574">
     <span class='ocr_line' id='line_1_40' title="bbox 293 2531 656 2574; baseline 0.006 -10"><span class='ocrx_word' id='word_1_334' title='bbox 293 2531 318 2574; x_wconf 73' lang='lat'>⁸)</span> <span class='ocrx_word' id='word_1_335' title='bbox 364 2531 510 2566; x_wconf 82' lang='lat' dir='ltr'>Gossrau</span> <span class='ocrx_word' id='word_1_336' title='bbox 532 2535 561 2573; x_wconf 84' lang='lat'>§.</span> <span class='ocrx_word' id='word_1_337' title='bbox 585 2535 656 2566; x_wconf 76' lang='lat'><strong>267.</strong></span> 
     </span>
    </p>
   </div>
   <div class='ocr_carea' id='block_1_8' title="bbox 0 2710 254 2909">
    <p class='ocr_par' dir='ltr' id='par_1_17' title="bbox 0 2710 254 2909">
     <span class='ocr_line' id='line_1_41' title="bbox 0 2710 254 2909; baseline 0 0"><span class='ocrx_word' id='word_1_338' title='bbox 0 2710 254 2909; x_wconf 95' lang='lat' dir='ltr'> </span> 
     </span>
    </p>
   </div>
  </div>
 </body>
</html>
