1804 2909
789 169 1053 206 -13.-

222 270 334 313 verbi
361 270 593 312 substantivi
623 273 662 312 in
690 267 960 322 coniugatione
987 271 1273 321 periphrastica
1300 267 1386 311 cum
1414 284 1438 312 a
1464 272 1626 322 reliquis

161 354 163 356 ·
221 335 476 390 scriptoribus
504 337 729 385 saepissime
758 339 975 385 omittatur,
1004 337 1108 386 apud
1124 336 1312 383 Tacitum,
1341 336 1444 385 quod
1471 336 1626 386 quidem

132 401 134 403 '
156 413 165 444 -ς
222 398 415 445 adiectiva
442 400 615 440 verbalia
642 402 684 442 in
711 402 852 442 —endus
881 405 922 441 et
949 412 1062 441 -urus
1091 400 1247 448 attinet,
1268 399 1509 448 paucissimis
1537 397 1624 451 (IX)

220 461 315 501 locis
342 464 510 513 ponitur,
540 466 682 505 ceteris
710 465 970 504 desideratur.
1027 464 1173 504 Contra
1201 461 1380 502 infinitivi
1406 464 1626 512 praesentis

221 537 315 565 usus
343 528 446 576 apud
465 539 617 576 nomen,
646 529 967 578 praepositiones,
996 528 1183 568 adverbia
1195 527 1334 581 ,varius
1352 530 1424 566 est.
1453 527 1627 568 Primum

222 593 355 631 autem
382 603 474 631 usus
502 593 667 632 maxime
695 593 845 641 amplus
871 592 1098 644 nominativi
1131 592 1193 631 vel
1221 592 1429 631 accusat-ivi
1466 592 1629 642 duplicis

222 656 414 696 notandus
441 660 513 706 est,
544 669 619 707 quo
641 657 798 697 Tacitus
821 660 982 707 praeter
1002 660 1153 696 ceteros
1177 656 1388 706 scriptores
1416 657 1628 698 antecellit.

222 720 361 771 Itaque
388 722 630 761 accusativus
651 722 792 771 duplex
813 722 1044 771 statuendus
1071 725 1132 761 est
1152 725 1241 770 post
1267 724 1459 771 comperio
1482 722 1544 772 (A.
1561 722 1627 763 IV.

223 786 288 834 60,
305 784 345 837 7)
362 786 518 835 reperio
537 784 599 837 (A.
629 786 694 826 VI.
725 786 788 835 22,
818 786 859 838 3)
897 792 1031 836 reputo
1058 784 1120 837 (A.
1141 786 1218 825 XII
1244 786 1309 825 51.
1333 784 1398 838 13)
1418 787 1551 836 refero
1566 785 1628 839 (A.

223 846 287 889 IV.
316 850 380 898 55,
403 851 437 890 8.
458 850 566 889 XIII.
587 852 650 899 55,
680 849 720 902 5)
751 853 886 900 defero
907 850 969 902 (A.
997 850 1103 889 XIII.
1123 850 1186 899 33,
1216 850 1257 900 5)
1280 851 1432 889 dissero
1461 850 1542 902 (VI.
1564 851 1627 900 34,

226 912 292 965 12)
320 917 362 953 et
388 917 476 962 post
504 915 580 953 alia
609 915 692 953 eius
719 916 875 963 generis
903 914 1035 962 verba,
1065 926 1151 953 cum
1180 914 1319 964 quibus
1346 914 1488 964 reliqui
1508 915 1629 964 scrip-

224 980 332 1017 tores
356 978 684 1017 constructionem
712 978 774 1017 vel
795 980 1005 1019 accusativi
1033 979 1095 1018 vel
1115 979 1342 1018 nominativi
1361 978 1524 1028 duplicis
1552 991 1630 1019 non

225 1043 475 1093 coniungunt.
540 1043 803 1082 Transeuntes
844 1048 976 1083 autem
1019 1044 1068 1082 ad
1102 1055 1150 1083 ea
1188 1043 1376 1092 exempla,
1413 1044 1455 1082 in
1492 1043 1630 1093 quibus

224 1117 320 1146 vera
348 1107 502 1146 omissio
532 1108 741 1147 statuenda
770 1111 841 1156 est,
873 1109 976 1158 apud
1005 1109 1239 1147 adiectivum
1278 1120 1362 1146 esse
1399 1107 1630 1158 plerumque
1691 1124 1700 1133 ·

225 1170 352 1210 omitti
370 1171 545 1210 videmus
565 1175 684 1221 atque
699 1173 746 1211 iis
770 1173 894 1211 solum
921 1173 1014 1212 locis
1031 1173 1134 1222 poni,
1159 1172 1225 1211 ubi
1245 1171 1420 1210 narratio
1443 1172 1631 1212 maiorem

226 1235 344 1274 animi
373 1237 676 1284 commotionem,
699 1237 808 1284 iram,
831 1236 1015 1284 dolorem,
1038 1236 1220 1285 exprimit
1240 1236 1303 1274 vel
1330 1235 1371 1274 in
1390 1235 1630 1275 orationibus

225 1298 288 1338 vel
314 1299 355 1337 in
384 1299 739 1339 exclamationibus.
795 1301 856 1339 Ita
884 1314 969 1338 esse
998 1300 1102 1350 apud
1129 1300 1363 1339 adiectivuin
1390 1299 1503 1339 deest
1530 1299 1578 1340 H.
1600 1299 1630 1339 Ι.

225 1363 288 1411 50,
322 1364 382 1403 15.
412 1364 456 1403 Α.
482 1364 568 1403 XII.
608 1366 670 1413 20,
700 1365 725 1404 5
753 1366 782 1404 I.
813 1367 875 1414 26,
918 1367 979 1413 10,
1018 1366 1187 1414 positum
1225 1368 1286 1404 est
1322 1368 1411 1413 post
1446 1364 1632 1404 nonnulla

227 1428 348 1467 verba
375 1430 568 1468 sentiendi
597 1430 659 1469 vel
687 1430 838 1470 dicendi
867 1430 931 1482 (H.
962 1431 1011 1469 II.
1041 1431 1105 1479 54,
1136 1431 1172 1469 8.
1203 1430 1247 1468 A.
1278 1429 1308 1469 I.
1340 1430 1402 1477 66,
1423 1427 1477 1479 9).
1515 1429 1630 1478 Apud

218 1491 514 1548 substantivum
542 1507 627 1531 esse
664 1495 892 1545 plerumque
932 1496 1091 1545 ponitur
1120 1494 1182 1545 (G.
1222 1494 1285 1542 45,
1323 1494 1384 1533 19.
1413 1493 1463 1533 Η.
1493 1493 1524 1544 Ι.ι
1566 1493 1631 1542 49,

229 1557 265 1597 3.
294 1556 344 1596 H.
381 1557 444 1596 51.
480 1558 542 1605 17)
579 1570 670 1597 raro
713 1560 907 1604 omittitur
950 1558 1013 1608 (H.
1043 1559 1089 1598 V.
1128 1560 1164 1606 2,
1204 1560 1240 1598 8.
1284 1558 1328 1597 A.
1367 1558 1438 1597 ΙΙΙ.
1479 1558 1542 1598 63.
1573 1556 1632 1609 9).

227 1621 339 1671 Apud
368 1633 581 1671 pronomen
610 1636 694 1661 esse
722 1627 863 1673 quater
890 1624 1073 1663 omissum
1102 1626 1162 1663 est
1191 1622 1256 1673 (H.
1278 1622 1307 1660 Ι.
1337 1622 1375 1670 5,
1404 1624 1450 1670 4;
1480 1622 1544 1670 32,
1569 1623 1630 1662 11.

228 1687 274 1723 Α.
303 1686 333 1723 Ι.
362 1686 426 1734 51,
460 1687 521 1725 15.
550 1687 615 1724 VI.
653 1689 716 1735 48,
748 1687 801 1737 8).
858 1687 1043 1726 Omnibus
1079 1687 1240 1736 reliquis
1277 1686 1370 1725 locis
1407 1698 1492 1725 esse
1528 1686 1632 1736 posi-

227 1753 311 1788 tum
338 1753 399 1789 est
429 1750 494 1800 (H.
524 1750 573 1799 ΙΙ,
603 1752 665 1799 84,
696 1752 719 1790 2
749 1751 840 1801 etc.)
896 1751 990 1790 Post
1025 1751 1242 1790 numeralia
1271 1764 1356 1789 esse
1392 1751 1451 1790 bis
1479 1751 1632 1791 deside-

227 1818 340 1853 ratur
372 1814 436 1864 (H.
467 1815 516 1853 ΙΙ.
546 1816 609 1863 44,
643 1816 702 1854 14.
733 1816 798 1854 IV.
828 1815 891 1864 49,
928 1817 1005 1865 13).
1062 1816 1120 1853 Ex
1154 1815 1306 1854 casibus
1334 1814 1500 1864 obliquis
1529 1814 1633 1864 apud

223 1991 288 2025 lex.
302 1994 380 2026 Tac.
394 2004 423 2035 p.
438 1996 510 2031 2011
536 1995 791 2036 auitmdvertit,
819 1995 859 2027 de
876 2004 940 2036 qua
952 1994 1057 2027 forma
1071 1994 1109 2027 cf.
1125 1995 1223 2027 etiam
1236 1994 1366 2036 Zumpt,
1392 1996 1497 2034 §.156
1521 1993 1632 2026 adnot.

229 2044 351 2078 For-em
375 2057 435 2089 pro
459 2057 563 2079 essem
595 2049 628 2081 in
660 2050 790 2090 script-is
822 2048 1002 2081 minoribus
1033 2049 1137 2081 solum
1164 2048 1195 2094 in
1220 2048 1399 2081 enuntiatis
1424 2047 1633 2081 condiciona-

227 2100 315 2134 libus
340 2107 451 2136 exstat
474 2104 551 2145 Agr.
576 2106 626 2145 26,
654 2111 686 2136 11
721 2104 822 2146 (quod
852 2103 915 2137 nisi
938 2103 1077 2145 paludes
1100 2103 1280 2144 texissent,
1311 2102 1512 2135 debellatum
1534 2102 1634 2142 soret)

228 2156 278 2195 37,
307 2158 353 2188 15.
375 2159 428 2196 40,
452 2159 481 2192 7.
525 2158 575 2189 De
610 2158 756 2190 historiis
791 2159 832 2191 cf.
856 2158 1019 2190 Heraeum
1050 2158 1092 2190 ad
1115 2158 1140 2190 Ι.
1163 2160 1214 2198 49,
1245 2159 1278 2188 13
1303 2156 1343 2198 (si
1372 2157 1451 2188 mali
1491 2156 1634 2197 forent):

228 2211 439 2250 „Waehrend
463 2212 579 2244 Cicero
603 2213 706 2245 foi-em
731 2223 792 2244 nur
815 2213 848 2244 in
872 2212 1161 2253 hypothetischem
1186 2211 1286 2244 Sinne
1309 2209 1459 2252 braucht,
1484 2212 1575 2243 steht
1597 2219 1634 2243 es

228 2263 283 2295 bei
305 2265 462 2297 Neuereu
494 2267 557 2297 seit
581 2266 706 2298 Sallust
737 2266 920 2298 theilweise
948 2264 1247 2306 gleichbedeutend
1281 2265 1340 2295 mit
1374 2266 1517 2297 essem.“
1563 2265 1634 2306 Quo

227 2316 276 2358 fit,
298 2322 335 2349 ut
357 2318 391 2350 in
414 2319 587 2351 annalibus
612 2326 645 2351 et
668 2319 812 2351 historiis
837 2328 941 2349 essem
975 2323 1009 2351 et
1035 2319 1146 2357 sorem
1168 2317 1353 2359 promiscue
1388 2318 1421 2350 in
1455 2318 1636 2352 enuntiatis

228 2371 371 2404 cuiusvis
393 2373 523 2413 generis
547 2373 670 2405 usitata
701 2382 775 2405 esse
801 2373 976 2405 videamus.

313 2427 365 2468 **)
411 2428 461 2459 De
485 2437 547 2460 usu
569 2427 721 2459 infinitivi
745 2427 897 2459 Tacitino
920 2427 962 2461 cf.
985 2426 1232 2467 lungclaussen,
1256 2424 1296 2457 de
1321 2424 1451 2457 Tacitei
1474 2425 1634 2458 sermonis

227 2480 433 2521 proprietate·
466 2482 499 2514 in
531 2481 731 2523 usurpandis
765 2480 857 2514 verbi
892 2480 1106 2521 temporibus,
1129 2478 1247 2520 modis,
1269 2478 1463 2520 participiis.
1514 2478 1634 2518 Kiliae,

230 2535 310 2566 1848
343 2544 375 2576 p.
400 2537 439 2566 20
464 2545 537 2577 sqq.
583 2535 618 2568 P.
645 2536 807 2576 Czensny,
830 2535 871 2567 (le
895 2535 950 2567 inf.
975 2534 1122 2567 'l'aciteo
1147 2534 1238 2565 Vrat.
1268 2535 1357 2567 lSoS.
