1804 2909
770 171 1037 211 „29—

232 290 234 292 ’
309 279 348 317 3.
377 279 434 316 De
460 280 693 327 pronomine.
751 280 848 317 Erat
889 278 1048 327 ponitur
1086 277 1152 314 XI.
1183 276 1254 323 32,
1287 275 1336 314 12
1365 276 1422 325 (id
1445 278 1609 324 repente

204 341 422 384 solitudinis
442 341 545 393 erat)
567 342 632 382 ubi
654 343 696 381 id
718 365 753 371 —
775 342 998 381 solitudinis
1015 340 1249 380 substantivi
1266 339 1349 379 vice
1377 338 1553 390 fungitur
1570 342 1611 379 et

139 406 141 408 ’
202 412 292 446 ‘erat
318 406 481 445 verbum
509 407 701 446 existendi
728 410 800 446 est.
857 406 1073 445 Praeterea
1100 405 1148 443 H.
1171 405 1221 443 Π.
1240 404 1303 452 96,
1337 406 1385 444 10
1414 405 1611 454 (id—ali-

204 473 381 511 mentum
409 471 513 522 erat)
542 471 610 510 III.
632 472 691 519 10,
717 472 762 510 11
781 470 1201 521 (id—incitamentum
1230 468 1333 518 erat)
1368 471 1410 508 et
1436 468 1494 508 bis
1523 469 1610 509 tali-

208 534 281 574 bus
308 534 423 583 locis,
465 534 532 573 ubi
573 535 820 573 enuntiatum
855 533 1073 582 temporale
1102 532 1323 571 adnectitur
1350 532 1396 571 A.
1425 532 1455 573 I.
1488 534 1557 581 16,
1590 534 1610 573 1

207 597 288 649 (hic
314 610 446 639 rerum
482 598 720 638 urbanarum
758 601 884 637 status
913 600 1002 637 erat
1015 628 1024 646 ,
1068 607 1153 636 cum
1181 596 1407 636 Pamonicas
1442 597 1612 646 legiones

205 663 345 703 seditio
373 663 548 713 incessit)
577 662 626 701 H.
643 661 711 702 IV.
729 663 828 710 71,1
855 661 934 712 (hic
950 660 1043 700 belli
1070 663 1198 700 status
1218 664 1317 709 erat,
1347 672 1433 700 eum
1450 661 1613 701 Petilius

205 726 343 777 venit).
400 726 545 766 Contra
588 726 740 766 omissa.
766 728 828 765 est
864 725 1002 774 copula
1038 724 1256 775 ubicunque
1284 725 1391 765 nulla
1419 725 1613 775 emphasis

205 791 246 829 in
282 790 485 830 enuntiato
527 791 655 839 posita
696 793 803 837 erat,
847 789 1073 838 saepissime
1115 790 1218 838 apud
1259 800 1473 837 pronomen
1516 790 1614 828 idem

206 854 256 895 H.
284 854 353 893 ΙΙΙ.
382 855 453 902 22,
486 855 547 893 14.
589 853 906 915 (eadem-arma)
950 853 1015 892 IV.
1052 854 1201 901 16,12
1241 852 1613 904 (eadem-perfidia)

206 918 253 958 A.
285 916 314 958 I.
344 918 408 967 33,
439 919 460 958 7
492 918 598 968 (spes
627 917 780 968 eadem)
810 918 839 957 Ι.
861 917 897 966 3,
915 918 966 957 25
996 917 1150 968 (eadem
1165 917 1367 968 voeabula)
1398 918 1547 967 III.54,
1566 920 1617 959 14

209 982 479 1034 (inritamenta
507 1004 557 1009 —
594 982 747 1032 eadem)
777 982 842 1021 VI.
871 982 934 1030 50,
964 983 988 1021 2
1018 982 1137 1032 (idem
1164 982 1283 1021 animi
1310 983 1434 1032 rigor)
1451 983 1500 1033 *).
1556 983 1615 1023 Ex

208 1045 371 1095 Virgilio
399 1045 475 1084 huc
502 1046 675 1096 pertinet
703 1046 799 1086 Aen.
817 1046 867 1085 II.
897 1046 960 1086 30.
990 1046 1039 1084 II.
1054 1046 1144 1085 554.

313 1111 350 1149 4.
394 1109 452 1148 De
488 1110 760 1149 numeralibus.
816 1108 1052 1159 Plerumque
1092 1110 1194 1159 apud
1224 1122 1272 1149 ea
1299 1123 1334 1148 v.
1364 1110 1491 1150 substu
1493 1116 1519 1134 ¹¹¹
1547 1123 1615 1160 po-

208 1174 326 1213 nitur.
382 1173 428 1212 In
468 1177 645 1223 tempore
687 1173 905 1223 praeterito
935 1176 1067 1212 autem
1103 1176 1186 1212 tres
1221 1172 1346 1212 habeo
1388 1173 1615 1213 omissiones

212 1237 261 1279 H.
291 1237 341 1278 II.
371 1238 434 1286 95,
466 1239 487 1277 7
533 1238 719 1288 (nondum
755 1241 919 1288 quartus
956 1250 980 1277 a
1017 1238 1179 1277 victoria
1207 1238 1367 1288 mensis)
1399 1238 1447 1277 II.
1464 1239 1530 1286 42,
1567 1239 1616 1278 10

212 1301 306 1351 (non
334 1313 412 1340 una
439 1313 594 1351 pugnae
622 1301 757 1351 facies)
786 1302 832 1341 V.
861 1303 920 1350 12,
953 1302 1000 1340 11
1031 1302 1132 1351 (tres
1160 1302 1278 1341 duces
1306 1302 1472 1342 totidem
1499 1314 1614 1342 exer—

213 1364 341 1417 citus),
370 1368 453 1406 tres
481 1366 694 1416 positiones
735 1366 780 1406 A.
809 1366 914 1405 XIII.
946 1367 982 1415 2,
1013 1367 1049 1406 7.
1080 1366 1128 1405 H.
1144 1365 1195 1406 ΙΙ.
1225 1367 1288 1415 85,
1319 1367 1354 1407 8.
1385 1366 1455 1406 ΙΙΙ.
1487 1368 1547 1417 16,
1580 1369 1616 1407 1.

318 1430 355 1470 5.
411 1432 469 1468 De
513 1431 669 1468 casibus
706 1432 882 1480 obliquis.
939 1443 975 1469 α.
1004 1431 1063 1469 De
1098 1433 1285 1480 genetivo.
1351 1432 1465 1481 Apud
1497 1443 1616 1481 gene-

209 1493 333 1532 tivum
361 1494 505 1532 Romae
533 1494 654 1533 semel
682 1506 717 1532 v.
747 1493 899 1533 substum
936 1494 1047 1534 deest
1075 1495 1121 1533 A.
1151 1495 1200 1534 II.
1239 1496 1310 1544 82,
1348 1497 1385 1535 2.
1443 1495 1513 1546 (At
1539 1496 1617 1536 Ro-

210 1568 298 1597 mae
339 1579 392 1586 —
434 1557 544 1597 dolor
587 1559 647 1597 ira
666 1560 699 1596 Γ
738 1561 779 1597 et
813 1558 1070 1607 erumpebant
1111 1559 1310 1609 questus),
1356 1559 1415 1599 bis
1458 1561 1618 1609 ponitur

130 1669 134 1672 ,
213 1623 260 1662 A.
303 1623 352 1662 Π.
389 1624 452 1672 51,
496 1624 520 1662 3
562 1620 667 1675 (nam
704 1623 823 1662 etiam
864 1626 948 1662 tum
990 1623 1136 1663 Romae
1179 1622 1309 1675 erant)
1347 1624 1434 1664 XII.
1473 1625 1537 1674 36,
1577 1626 1613 1665 6.

207 1690 424 1729 Praeterea
479 1700 596 1728 unam
643 1689 889 1728 omissionem
941 1688 1066 1727 habeo
1105 1688 1208 1737 apud
1253 1690 1495 1739 genetivum,
1548 1692 1616 1740 qui

209 1753 493 1802 possessionem
521 1752 676 1800 indicat,
707 1751 751 1790 A.
768 1751 855 1799 XII,
887 1752 949 1799 60,
986 1753 1031 1791 13
1061 1750 1145 1802 (sed
1174 1755 1265 1791 tunc
1294 1753 1473 1792 ordinum
1501 1757 1617 1793 erant

207 1817 363 1857 diversa
390 1814 548 1868 studia),
578 1827 677 1866 quae
707 1827 753 1855 eo
767 1816 890 1864 magis
909 1826 979 1854 nos
1000 1814 1171 1864 offendit,
1202 1816 1293 1866 quia
1310 1816 1350 1855 in
1370 1818 1616 1867 oppositione

208 1881 417 1928 invenitur,
447 1880 495 1919 de
525 1891 602 1929 qua
630 1879 676 1918 ef.
705 1880 961 1929 Draegerum.
1020 1880 1054 1918 b.
1085 1880 1142 1917 De
1163 1880 1307 1920 dativo.
1364 1880 1419 1920 Ut
1445 1881 1486 1919 in
1513 1885 1614 1921 tem-

209 1957 305 1995 pore
357 1945 578 1995 praesenti,
635 1945 692 1984 ita
740 1945 780 1984 in
830 1943 1057 1995 imperfecto
1099 1944 1138 1983 in
1189 1946 1478 1986 construetione
1530 1960 1618 1986 esse

215 2022 247 2048 c.
292 2010 380 2056 dat,
418 2022 609 2058 personae
650 2021 703 2046 Ξ
745 2011 866 2048 habeo
916 2010 1078 2050 verbum
1120 2011 1405 2050 substantivum
1446 2011 1617 2061 plerum-

208 2084 284 2123 que
313 2074 520 2113 omittitur.
576 2074 766 2124 Exempla
794 2075 958 2114 omissae
986 2074 1134 2115 formae
1163 2081 1272 2113 erant
1309 2074 1426 2128 (erat)
1456 2076 1511 2116 sic
1539 2076 1616 2116 dis-

209 2138 351 2187 tribuo,
380 2141 425 2178 ut
453 2139 620 2188 primum
649 2150 696 2178 ea
725 2139 891 2188 laudem,
920 2139 986 2179 ubi
1010 2140 1059 2179 ad
1083 2140 1368 2180 substantivum
1385 2141 1619 2181 adiectivum

209 2202 272 2242 vel
313 2195 418 2242 aliu'd
459 2203 673 2252 praedicati
715 2215 855 2244 nomen
896 2204 1115 2253 adpositum
1157 2208 1230 2253 est,
1274 2205 1412 2245 deinde
1452 2217 1511 2254 ea,
1552 2206 1619 2246 ubi

210 2266 495 2305 substantivum
523 2267 646 2306 solum
674 2268 735 2306 vel
764 2279 850 2306 cum
878 2269 1069 2307 attributo
1098 2273 1239 2308 exstat.
1277 2270 1337 2308 Ad
1369 2271 1388 2309 1
1418 2271 1620 2319 pertinent

298 2477 330 2515 *)
353 2478 508 2512 Addendi
530 2482 608 2511 sunt
629 2478 663 2510 hi
685 2479 766 2512 loci:
789 2480 833 2515 H.
853 2482 908 2512 Ν.
934 2482 986 2521 30,
1008 2482 1026 2511 2
1050 2480 1078 2513 is
1112 2480 1330 2522 aequissimus
1364 2481 1467 2514 locus.
1502 2482 1542 2514 1-1.
1557 2482 1616 2516 ΠΙ.

214 2532 269 2573 2¹,
294 2530 407 2579 llhie
431 2532 613 2573 aquilarum
639 2531 730 2565 ordo.
