1804 2909
785 181 837 187 ...
892 159 942 200 33
1003 179 1048 186 .-

209 269 330 317 atque
376 266 425 307 de
462 265 588 307 forma
622 267 839 318 supplenda
875 266 1048 307 dubitari
1084 278 1162 307 non
1200 270 1344 317 potest.
1390 291 1438 296 —
1480 267 1526 307 A.
1557 266 1617 306 Vl.

210 333 274 380 27,
314 332 339 371 6
376 330 517 382 (genus
553 332 611 371 illi
648 332 844 380 decorum,
882 331 1014 371 vivida
1053 329 1263 383 senectus).
1293 354 1345 359 ——
1372 332 1462 372 Una
1491 334 1620 372 exstat

208 395 312 446 apud
340 398 525 435 neutrum
556 396 738 436 adiectivi
767 407 853 435 cum
880 396 1063 446 genetivo
1092 396 1286 436 coniuncti
1314 396 1364 435 Η.
1396 396 1459 435 111.
1478 396 1541 445 83,
1570 397 1619 437 12

210 458 301 511 (nec
329 463 422 499 tunc
450 460 578 499 minus
616 459 889 511 crudelitatis),
919 473 998 501 una
1026 462 1129 511 apud
1156 461 1487 511 praepositionem
1513 462 1563 501 H.
1591 462 1618 501 1.

208 524 245 572 8,
278 524 328 563 10
366 522 497 574 (tarde
535 535 559 562 a
598 524 753 564 Nerone
792 524 1040 564 desciverant
1075 536 1148 565 nec
1185 524 1318 564 statim
1357 524 1483 564 Galba
1520 525 1619 565 Ver-

206 588 334 639 ginius
346 587 400 640 s).

314 653 399 692 Hoc
440 652 525 692 fere
568 653 681 693 modo
720 654 900 703 exempla
938 657 1159 705 temporum
1194 653 1500 704 praeteritorum
1542 653 1619 693 dis-

207 718 390 768 ponenda
418 729 505 757 esse
533 718 681 767 putavi.
737 718 876 768 Neque
905 721 1040 759 tamen
1076 731 1139 759 me
1166 718 1267 768 fugit
1304 721 1467 768 propter
1502 718 1619 758 nimis

209 797 392 835 magnam
433 785 640 825 materiam
682 796 872 824 summam
908 785 1146 824 brevitatem
1184 783 1446 823 necessariam
1485 781 1616 822 fuisse.

207 850 253 889 Id
281 861 401 888 unum
430 852 562 889 autem
591 850 624 888 si
651 848 724 888 hac
752 849 1023 898 disquisitione
1052 848 1266 898 profecero,
1302 851 1347 886 ut
1374 846 1620 895 intelligatur

207 914 367 953 minime
406 914 490 953 sine
528 913 606 952 ullo
636 913 858 953 discrimine
887 913 1063 952 Tacitum
1100 925 1134 952 v.
1167 911 1324 950 subst¹¹¹¹¹
1351 910 1414 950 vel
1443 910 1619 960 posuisse

210 980 274 1019 vel
304 979 492 1026 omisisse,
523 978 604 1026 sed,
635 989 721 1016 cum
740 978 982 1027 paucissimis
1000 977 1093 1015 locis
1111 975 1389 1025 grammaticae
1409 974 1620 1013 communis

208 1054 304 1082 usus
333 1043 528 1082 rationem
564 1041 759 1090 habuerit,
798 1044 907 1081 certa
935 1041 1126 1091 principia
1168 1040 1208 1078 in
1244 1039 1365 1078 verbo
1402 1038 1529 1078 subst⁰
1556 1038 1621 1078 vel

208 1107 388 1157 ponendo
417 1106 479 1146 vel
507 1106 723 1145 omittendo
752 1109 929 1145 secutum
966 1116 1052 1145 esse
1082 1104 1178 1144 satis
1215 1103 1310 1143 mihi
1346 1102 1484 1143 fecisse
1513 1103 1619 1143 vide-

209 1172 294 1213 bor.
341 1172 402 1212 De
430 1171 626 1221 gravitate
656 1174 789 1212 autem
817 1172 927 1211 varia
955 1170 1174 1211 omissionis
1202 1169 1413 1210 secundum
1442 1180 1488 1208 ea
1518 1180 1619 1218 quae

216 1251 281 1288 pg.
299 1240 323 1279 8
344 1251 427 1289 sqq.
456 1238 604 1288 protuli
631 1238 879 1278 iudicandum
908 1241 980 1277 est.
1038 1236 1115 1277 Sed
1143 1238 1221 1276 iam
1249 1235 1454 1276 enuntiata
1482 1245 1619 1274 secun-

211 1302 325 1342 daria
353 1303 614 1353 inspiciamus.

899 1430 935 1471 5.

602 1506 635 1536 2.
680 1505 736 1536 De
759 1504 971 1536 enuntiatis
995 1504 1245 1536 secundariis.

325 1568 617 1619 Exemplomm,
649 1582 750 1619 quae
788 1581 835 1609 ex
863 1569 1007 1608 ceteris
1036 1569 1290 1618 scriptoribus
1320 1569 1469 1618 collegi,
1500 1569 1623 1608 solum

211 1633 287 1671 duo
316 1632 391 1672 huc
418 1634 640 1683 pertinent:
698 1633 805 1682 Virg.
837 1633 934 1672 Aen.
964 1633 989 1673 1.
1025 1633 1095 1673 157
1136 1632 1253 1686 (quae
1282 1635 1459 1684 proxima
1486 1633 1620 1686 litora)

208 1698 235 1735 1.
267 1698 344 1738 723
374 1697 597 1747 (postquam
618 1698 811 1746 -prima
839 1697 949 1746 quies
978 1698 1134 1748 epulis.)
1179 1699 1240 1737 De
1269 1699 1476 1738 omissione
1505 1711 1621 1748 prae-

211 1762 334 1801 sentis
363 1762 403 1800 in
432 1762 646 1801 enuntiatis
684 1761 924 1801 secundariis
954 1760 999 1801 cf.
1021 1773 1083 1811 pg.
1104 1762 1156 1801 14
1171 1773 1253 1812 sqq.
1311 1763 1353 1801 ln
1381 1762 1623 1813 temporibus

209 1826 438 1876 praeteritis
467 1829 600 1866 autem
637 1827 764 1876 prima
801 1838 849 1866 ea
876 1826 940 1865 lex
969 1830 1040 1875 est,
1072 1839 1188 1877 quam
1215 1839 1279 1877 pg.
1313 1829 1360 1868 18
1398 1828 1620 1876 memoravi,

213 1902 263 1929 ne
292 1902 327 1929 v.
359 1890 516 1929 substum
544 1891 762 1938 omittatur,
805 1890 880 1928 nisi
917 1894 1071 1940 tempus
1106 1903 1154 1931 ex
1192 1903 1367 1931 connexu
1405 1892 1622 1932 sententia-

209 1966 297 1994 rum
337 1954 485 1994 clarum
521 1954 584 1994 sit.
649 1954 795 1994 Tamen
837 1955 957 1994 etiam
998 1956 1037 1995 in
1080 1956 1153 1996 enis
1186 1957 1427 1996 secundariis
1467 1958 1622 1997 omissio

210 2020 519 2068 praeteritorum
547 2022 769 2067 temporum
786 2018 1107 2068 frequentissima
1125 2024 1186 2059 est
1211 2020 1398 2069 legesque
1416 2020 1621 2069 generales

215 2085 337 2125 etiam
364 2085 405 2124 in
433 2085 481 2124 iis
509 2085 642 2125 valere
670 2083 959 2124 demonstrabo.

727 2203 746 2220 α
785 2192 840 2224 De
862 2192 1093 2232 imperfecto.

335 2269 368 2307 1.
415 2269 473 2306 De
510 2270 721 2307 enuntiatis
762 2270 953 2310 relativis.
1024 2269 1197 2308 Primum
1240 2279 1326 2306 cum
1369 2280 1480 2307 usum
1523 2270 1626 2318 apud

211 2333 490 2370 substantivum
518 2332 810 2382 investigemus,
840 2333 1025 2372 nonnulla
1045 2332 1251 2372 enuntiata
1279 2331 1461 2371 breviora
1488 2333 1624 2382 legun-

210 2401 277 2438 tur
294 2428 303 2445 ,
346 2397 386 2436 in
428 2395 567 2446 quibus
608 2410 644 2437 v.
688 2398 844 2438 subst¹¹¹¹¹
886 2399 949 2437 vel
990 2398 1186 2437 omittitur
1224 2396 1286 2436 vel
1319 2396 1501 2445 ponitur,
1554 2397 1625 2436 sed

148 2473 150 2476 ·
211 2472 312 2511 quae
342 2473 388 2501 eo
416 2472 541 2511 usque
578 2461 719 2500 similia
747 2465 857 2510 sunt,
904 2465 949 2501 ut
989 2461 1229 2501 temeritatis
1273 2463 1398 2508 esset,
1442 2460 1547 2499 aliud
1584 2461 1624 2499 in

211 2527 259 2567 iis
316 2538 432 2577 quam
484 2525 712 2567 variationis
762 2526 995 2576 principium
1048 2535 1293 2575 cognoscere.
1356 2524 1401 2564 Id
1434 2524 1625 2575 imprimis
