1804 2909
769 118 1036 157 *32-

193 218 267 268 45,
307 220 332 260 6
371 219 495 272 (inde)
537 221 602 260 IV.
644 223 680 270 1,
720 223 770 263 12
824 223 1002 275 (ubique)
1054 223 1120 264 IV.
1162 225 1237 274 22,
1283 226 1333 267 10
1376 226 1504 278 (hinc).
1554 236 1609 255 -“--
1694 234 1803 276 .

193 283 240 324 A.
284 283 333 322 11.
364 285 428 332 82,
460 286 511 325 10
553 285 731 338 (passim)
772 285 841 325 IV.
886 288 954 336 72,
988 289 1038 329 10
1080 287 1202 339 (hinc)
1246 289 1277 329 1.
1307 290 1381 339 63,
1425 290 1473 330 15
1515 289 1631 342 (cn-³

193 347 298 396 cum)
330 347 417 388 XII.
448 349 484 395 7,
518 350 565 387 11
597 349 761 399 (palam)
803 350 885 389 xv.
915 351 988 399 48,
1020 353 1071 392 10
1110 352 1280 402 (procul)
1323 353 1373 393 H.
1397 354 1428 394 I.
1463 355 1527 403 51,
1554 354 1607 396 22
1724 346 1727 348 ’
1756 341 1763 346 ”

194 409 412 463 (undique.)
441 434 494 439 -—
522 412 741 452 Positiones
770 417 927 454 exstant
954 415 1003 454 H.
1033 416 1102 456 ΙΙΙ.
1124 416 1188 464 21,
1218 415 1241 454 9
1272 416 1347 466 (ita
1373 417 1481 457 locus
1501 418 1606 468 erat)

193 473 239 512 V.
270 476 308 523 8,
340 476 387 515 11
428 476 487 525 (et
514 477 678 516 Romani
715 479 849 527 procul
879 480 1010 529 erant)
1049 481 1094 518 A.
1125 481 1155 520 Ι.
1184 481 1247 528 72,
1290 481 1341 520 1Ο
1378 480 1500 531 (dicta
1535 482 1606 522 im-

192 549 297 587 pune
326 539 471 589 erant).
634 557 637 560 >
1611 560 1615 563 ’

317 603 436 644 Hisce
478 616 527 645 ex
577 606 764 655 exemplis
806 608 902 647 satis
944 609 1100 649 elucere
1146 614 1240 659 puto
1291 622 1408 660 quam
1458 611 1606 652 usitata

193 668 327 708 Tacito
379 669 535 708 omissio
586 669 806 719 imperfecti
860 670 980 711 fuerit
1030 685 1102 713 nec
1147 675 1273 714 minus
1312 686 1400 714 eam
1438 675 1488 714 ad
1527 675 1607 715 stili

191 736 345 771 certum
385 733 555 773 colorem
594 733 838 773 efficiendum
880 747 903 774 a
937 737 1071 777 Tacito
1104 737 1318 778 adhibitam
1362 749 1449 778 esse
1489 749 1606 788 quam

191 795 374 835 infinitivi
415 807 461 835 ac
501 797 732 846 praesentis.
803 798 864 837 De
901 800 1099 847 gravitate
1137 801 1353 840 omissionis
1395 801 1606 841 secundum

191 860 383 909 principia
401 860 649 900 iudicandum
672 865 745 910 est,
771 874 871 912 quae
905 874 967 912 pg.
989 864 1012 903 8
1034 875 1115 913 sqq.
1148 865 1320 913 exposui.
1357 865 1606 915 Quapropter

195 927 442 963 transeamus
471 925 605 963 statim
634 925 683 964 ad
711 925 942 974 perfectum.

728 1050 759 1084 β.
805 1049 860 1080 De
882 1048 1061 1088 perfeeto.

300 1135 429 1184 Ratio,
472 1147 549 1186 qua
577 1134 739 1174 verbum
769 1134 923 1174 subst¹¹¹¹¹
952 1134 1191 1184 supplebam,
1231 1135 1368 1174 eadem
1396 1134 1491 1175 mihi
1518 1134 1604 1185 fuit,

193 1209 295 1247 quae
323 1199 363 1237 in
391 1198 619 1248 imperfecto
650 1198 712 1248 (cf.
743 1210 804 1247 pg.
838 1200 886 1238 18
916 1198 1017 1248 sqq.)
1073 1199 1266 1238 Numeros
1303 1199 1508 1248 generales
1535 1199 1606 1239 hos

192 1263 376 1302 constitui
389 1276 398 1302 t

818 1333 877 1355 Fuit
895 1332 968 1385 ‹ieest
1028 1332 1192 1386 Futtegzsxstat

807 1412 1202 1479 ἶῖἯΙ-ΧΧΠ-

599 1493 648 1531 Η.
664 1493 713 1530 II.
834 1494 930 1531 XIII
1041 1494 1151 1532 XXV

598 1547 643 1585 A.
659 1546 690 1584 Ι.
834 1546 891 1585 ΧΙ
1040 1547 1077 1585 Χ

598 1600 644 1639 Α.
659 1599 766 1638 ΧΙΙΙ.
834 1600 892 1639 III
1041 1601 1097 1639 IX

597 1653 643 1692 A.
658 1652 761 1692 XIV.
834 1653 890 1692 VI
1040 1653 1133 1694 VIII

300 1767 333 1806 1.
364 1767 422 1804 De
450 1767 654 1807 adiectivo.
711 1767 919 1806 Rationem
949 1777 997 1805 ex
1026 1777 1102 1815 qua
1130 1778 1166 1805 v.
1196 1768 1326 1804 sustam
1355 1765 1419 1805 vel
1446 1765 1606 1815 ponitur

188 1830 252 1869 vel
281 1830 478 1869 omittitur
505 1830 545 1868 in
574 1829 749 1879 perfecto
778 1842 854 1870 non
885 1830 1001 1868 aliam
1030 1841 1116 1869 esse
1154 1841 1270 1879 quam
1307 1829 1348 1868 in
1375 1828 1605 1878 imperfecto

188 1893 386 1933 affirmare
415 1905 750 1942 supervacaneum
780 1898 851 1933 est.
909 1894 1054 1932 Tamen
1081 1894 1296 1942 positiones
1324 1893 1446 1931 multo
1471 1893 1605 1942 plures

188 1961 281 1997 sunt
330 1970 448 2008 quam
500 1958 750 2005 omissiones,
808 1958 847 1996 id
889 1957 991 2006 quod
1033 1956 1264 2006 imperfecto
1306 1957 1473 1996 maxime
1517 1968 1605 1996 con-

187 2022 352 2062 trarium
382 2025 453 2061 est.
510 2022 634 2062 Deest
666 2025 798 2061 autem
828 2021 1045 2071 perfectum
1089 2021 1250 2071 copulae
1294 2022 1334 2060 in
1377 2022 1604 2061 narratione

189 2088 352 2136 simplici
380 2088 626 2136 maximeque
655 2087 695 2125 in
723 2087 770 2126 iis
805 2087 1017 2126 enuntiatis
1049 2087 1246 2135 brevibus,
1276 2087 1315 2126 in
1343 2086 1482 2136 quibus
1509 2086 1605 2126 nihil

189 2148 406 2202 ἐμφασέως
433 2151 603 2200 positum
631 2153 704 2198 est,
747 2153 793 2189 ut
823 2150 872 2188 H.
905 2150 936 2189 Ι.
969 2151 1038 2199 17,
1067 2152 1091 2191 3
1136 2151 1281 2201 (sermo
1323 2161 1418 2199 erga
1450 2153 1605 2199 patrem

188 2215 347 2264 verens)
390 2215 420 2254 Ι.
450 2216 524 2263 20,
564 2216 598 2254 1.
656 2214 854 2264 (Proxima
896 2214 1085 2263 pecuniae
1128 2213 1238 2264 cura)
1282 2213 1310 2251 I.
1340 2214 1404 2261 20,
1451 2214 1501 2254 10
1542 2213 1605 2264 (ac

187 2281 322 2318 tamen
349 2279 497 2328 grande
525 2278 726 2328 gaudium)
756 2278 786 2318 Ι.
817 2278 863 2327 3,
896 2278 929 2317 1.
959 2278 1023 2326 34,
1053 2278 1089 2318 5.
1120 2278 1184 2326 41,
1214 2279 1252 2317 3.
1281 2278 1345 2325 48,
1379 2278 1440 2317 17.
1468 2278 1532 2327 49,
1563 2278 1599 2318 8.

188 2344 252 2392 88,
282 2345 319 2384 7.
347 2343 398 2382 ΙΙ.
429 2344 491 2392 11,
523 2344 556 2382 1.
599 2343 663 2391 27,
697 2344 756 2382 13.
803 2343 867 2390 38,
897 2342 935 2381 5.
966 2344 1028 2390 78,
1061 2343 1096 2381 7.
1126 2343 1190 2390 69,
1223 2343 1273 2381 1Ο
1315 2341 1532 2392 (exitiabile
1561 2342 1603 2381 id

187 2408 247 2447 rei
274 2408 464 2456 publicae,
494 2408 692 2457 ingratum
720 2406 852 2456 militi)
882 2406 948 2444 IV.
977 2407 1040 2454 62,
1073 2407 1134 2446 13.
1168 2406 1231 2454 83,
1262 2406 1324 2444 24.
1354 2406 1399 2446 V.
1429 2407 1466 2455 8,
1496 2406 1534 2446 6.
1550 2428 1603 2434 -

189 2473 234 2512 A.
264 2473 294 2513 Ι.
329 2474 361 2521 1,
389 2473 416 2511 4
445 2472 538 2523 (non
577 2471 723 2512 Cinnae
751 2483 829 2510 non
850 2470 981 2510 Sullae
1010 2470 1123 2519 longa
1151 2470 1380 2521 dominatio)
1410 2470 1440 2509 I.
1469 2471 1534 2519 49,
1568 2471 1601 2515 1.
