1804 2909
764 143 1031 181 -14—

189 245 417 293 genetivum
446 258 533 284 esse
561 246 674 286 deest
702 247 751 286 Η.
780 247 831 285 II.
861 248 924 295 96,
954 248 991 287 5.
1021 246 1091 285 III.
1121 246 1185 294 53,
1219 248 1279 288 10.
1318 248 1365 287 G.
1396 248 1432 297 6,
1462 247 1526 288 20.
1554 246 1602 286 A.

192 308 258 349 IV.
292 310 352 358 17,
386 310 446 350 13.
475 310 541 350 VI.
572 311 609 360 2,
642 312 703 360 16,
732 311 891 360 ponitur
918 311 967 350 Η.
998 310 1047 351 II.
1077 311 1141 359 21,
1173 311 1235 351 14.
1291 312 1407 362 Apud
1429 312 1604 352 dativum

191 373 231 411 in
261 374 549 414 constructione
580 388 665 414 esse
693 388 776 414 cum
804 376 936 413 dativo
949 387 1141 424 personae
1156 387 1207 412 z
1223 377 1346 415 habeo
1373 377 1603 427 plerumque

191 438 398 486 omittitur,
428 438 532 488 apud
560 439 774 478 ablativum
802 442 935 479 autem
962 439 997 478 V
1039 442 1195 479 exstant
1223 439 1449 480 omissiones
1479 440 1542 491 (A.
1571 439 1602 479 I.

188 502 226 550 4,
258 504 294 541 9.
324 503 375 541 ΙΙ.
408 503 469 551 14,
499 503 536 542 3.
593 503 642 542 Η.
673 504 702 542 Ι.
732 505 797 552 52,
832 504 891 543 15.
920 505 970 543 ΙΙ.
1000 506 1064 544 32.
1095 504 1131 542 9.
1160 503 1225 542 IV.
1256 504 1320 551 52,
1352 503 1433 554 11.)
1488 503 1604 553 Apud

190 566 503 616 praepositiones
552 567 780 608 omissiones
820 572 862 608 et
902 570 1115 618 positiones
1155 567 1307 618 pariter
1338 568 1602 617 inveniuntur,

191 631 420 669 omissiones
437 631 487 669 H.
509 631 558 669 II.
581 631 644 679 32,
674 632 711 670 4.
735 632 784 670 H.
803 632 868 672 IV.
898 634 963 680 35,
995 634 1030 680 7,
1060 632 1273 681 positiones
1300 631 1349 669 H.
1371 631 1436 670 IV.
1468 632 1530 679 17,
1554 632 1602 671 17

187 694 282 744 Agr.
314 695 377 743 15,
408 695 445 743 8,
484 694 691 735 discrimen
721 699 853 736 autem
882 696 985 736 idem
1022 699 1094 745 est,
1125 696 1227 747 quod
1264 707 1382 746 supra
1419 696 1460 736 in
1496 696 1603 736 adie-

189 762 292 800 ctivo
335 761 501 800 ostendi.
576 762 676 808 Quin
719 761 838 800 etiam
884 761 1018 809 paucis
1064 760 1158 799 locis
1192 761 1233 799 in
1277 761 1490 800 enuntiatis
1516 761 1519 764 ⁴
1541 772 1603 801 se-

189 825 385 865 cundariis
424 824 637 866 infinitivus
675 826 839 865 omissus
869 828 931 865 est
945 824 997 875 ss),
1035 829 1080 865 ut
1108 825 1148 864 in
1185 825 1400 866 enuntiatis
1427 825 1604 866 relativis

188 890 239 929 H.
268 891 298 929 I.
329 891 392 937 33,
426 892 486 929 10.
518 891 563 929 A.
593 891 695 929 XIV.
726 891 790 937 57,
823 891 883 929 13.
920 890 1003 937 XV,
1037 892 1070 937 1,
1101 891 1164 937 20,
1202 891 1242 928 in
1280 890 1493 929 enuntiatis
1521 901 1602 929 mo·

188 953 340 992 dalibus
374 953 423 992 H.
454 954 484 992 I.
518 955 578 1002 17,
609 955 646 993 8.
676 954 722 992 A.
752 953 855 993 XIV.
886 955 948 1001 23,
979 954 1015 993 5.
1045 953 1112 992 XI.
1151 954 1213 1001 25,
1249 955 1306 994 18.
1363 955 1502 994 Plures
1530 954 1603 994 loci

188 1017 227 1056 in
257 1018 566 1067 interrogatione
596 1018 794 1058 rhetorica
822 1021 980 1057 exstant
1009 1018 1071 1067 (A.
1090 1018 1155 1057 IV.
1187 1019 1249 1066 70,
1277 1019 1380 1057 XIV.
1400 1020 1435 1058 3.
1465 1019 1514 1058 H.
1536 1019 1602 1058 IV.

188 1081 267 1132 76).
324 1082 383 1120 De
413 1082 619 1120 omissione
648 1080 826 1120 infinitivi
855 1080 1019 1130 perfecti
1048 1082 1141 1120 dicit
1161 1082 1274 1131 Nipp.
1305 1082 1355 1121 ad
1382 1082 1428 1120 A.
1458 1082 1507 1121 ΙΙ.
1537 1082 1601 1131 31,

189 1144 213 1182 9
243 1148 284 1184 et
312 1145 361 1183 ad
389 1145 505 1193 locos,
535 1157 632 1194 quos
661 1146 726 1184 ille
762 1145 888 1193 affert,
928 1157 999 1195 ego
1037 1145 1135 1184 addo
1177 1157 1226 1184 ex
1261 1145 1434 1185 historiis
1470 1146 1519 1185 H.
1549 1146 1601 1186 II.

188 1210 252 1257 37,
299 1210 359 1258 16,
399 1209 467 1249 ubi
509 1208 554 1248 cf.
599 1210 810 1249 Heraeum.
867 1210 1084 1249 Praeterea
1120 1212 1244 1259 fuisse
1287 1210 1493 1259 omittitur,
1536 1209 1603 1249 ubi

188 1275 326 1314 eadem
355 1274 479 1314 forma
507 1275 570 1314 vel
599 1276 797 1314 antecedit
825 1275 887 1314 vel
917 1275 1179 1324 subsequitur,
1218 1278 1262 1314 ut
1290 1276 1335 1313 A.
1366 1275 1435 1314 III.
1466 1276 1503 1323 5,
1535 1275 1597 1315 12.

187 1339 273 1379 XII.
305 1340 368 1387 61,
399 1339 435 1387 2,
466 1339 528 1378 vel
557 1338 657 1378 alius
685 1338 898 1378 infinitivus
928 1339 993 1390 (H.
1013 1339 1077 1379 IV.
1098 1340 1162 1388 31,
1195 1339 1274 1389 17).
1320 1339 1366 1378 In
1394 1338 1599 1378 enuntiato

185 1404 329 1443 modali
356 1406 484 1453 fuisse
513 1403 625 1442 deest
652 1404 698 1442 A.
729 1404 758 1443 Ι.
790 1405 852 1451 80,
883 1405 919 1441 6.
977 1405 1076 1441 Fore
1114 1415 1269 1451 semper
1305 1402 1388 1442 fere
1425 1403 1596 1451 ponitur,

186 1468 298 1507 deest
326 1467 375 1506 H.
406 1467 435 1506 Ι.
466 1468 529 1516 33,
561 1468 604 1514 8;
635 1467 705 1506 ΙΙΙ.
736 1468 798 1515 60,
835 1467 901 1515 15;
931 1466 996 1505 IV.
1027 1467 1090 1515 23,
1123 1467 1168 1514 33
1200 1467 1263 1515 75,
1293 1467 1338 1514 53
1368 1467 1432 1516 63,
1461 1467 1499 1506 9.

293 1531 329 1571 2.
385 1533 443 1569 De
471 1545 542 1569 usu
570 1533 782 1581 formarum
811 1532 1015 1570 indicativi
1029 1533 1260 1580 praesentis.
1297 1530 1429 1569 Solum
1456 1530 1598 1569 tertias

189 1595 386 1644 respicere
416 1595 533 1634 liceat
560 1606 760 1644 personas,
799 1595 838 1633 in
876 1595 1016 1644 quibus
1045 1594 1269 1633 omittendis
1297 1593 1514 1643 Vergilium
1549 1604 1598 1632 ex

185 1660 347 1709 reliquis
388 1659 642 1709 scriptoribus
690 1659 846 1698 Tacitus
888 1659 1052 1699 maxime
1095 1661 1252 1698 secutus
1293 1658 1450 1697 videtur
1497 1668 1595 1697 esse.

185 1724 300 1772 Apud
328 1724 577 1772 participium
610 1723 774 1772 perfecti
803 1724 946 1772 passivi
975 1728 1108 1763 autem
1144 1725 1184 1762 in
1212 1722 1425 1761 enuntiatis
1452 1722 1596 1770 prima-

184 1788 254 1826 riis
297 1792 355 1825 est
395 1788 615 1836 promiscue
658 1788 817 1837 ponitur
868 1787 930 1826 vel
983 1787 1189 1835 omittitur,
1233 1791 1319 1824 sunt
1366 1785 1596 1835 plerumque

187 1852 394 1891 omittitur.
463 1851 610 1891 Contra
647 1852 749 1901 apud
787 1852 981 1892 adiectiva
1023 1851 1198 1893 verbalia
1234 1851 1273 1889 in
1310 1873 1361 1878 —
1399 1850 1521 1889 endus
1558 1852 1600 1889 et

185 1927 298 1955 -urus
327 1921 384 1954 est
411 1918 546 1962 (sunt)
573 1926 664 1954 raro
694 1916 818 1955 deest.
877 1914 1057 1955 Condicio
1087 1915 1379 1955 enuntiatorum
1407 1913 1596 1954 secunda—

183 1981 332 2020 riorum
360 1981 470 2020 varia
513 1983 587 2020 est.
645 1980 690 2019 In
728 1979 942 2019 enuntiatis
983 1980 1086 2020 enim
1122 1979 1311 2028 relativis,
1352 1991 1438 2019 cum
1474 1990 1597 2028 genus

185 2045 382 2094 participii
411 2056 488 2083 non
506 2047 660 2083 tantum
689 2044 738 2082 ad
765 2044 998 2093 positionem
1026 2044 1088 2083 vel
1110 2044 1357 2084 omissionem
1376 2044 1487 2084 verbi
1507 2043 1596 2083 sub-

185 2109 345 2148 stantivi
363 2109 505 2157 valeat,
536 2111 728 2158 quantum
745 2108 1017 2158 Nipperdeyus
1035 2108 1120 2148 vult
1135 2108 1184 2158 >ἢ,
1215 2114 1273 2147 est
1295 2108 1423 2159 (sunt)
1451 2107 1596 2147 omitti-

271 2235 302 2277 *)
325 2236 377 2269 De
397 2242 474 2269 acc⁰
508 2245 535 2269 c.
559 2235 622 2268 info
656 2235 690 2268 in
713 2245 763 2269 en.
780 2235 987 2269 secundariis
1001 2236 1258 2278 cf.Draegerum
1272 2237 1388 2278 §.147,
1411 2235 1445 2268 in
1456 2235 1597 2269 interro-

186 2290 319 2332 gatione
342 2290 428 2322 rhet.
454 2292 482 2330 ς.
512 2291 579 2324 148.
625 2290 864 2331 Iungclaussen
886 2300 917 2331 p.
942 2292 982 2321 35
1007 2299 1080 2332 sqq.
1105 2309 1145 2314 —
1168 2290 1285 2332 Kratz,
1311 2288 1416 2322 ueber
1439 2289 1504 2323 den
1526 2289 1597 2322 Mo-

186 2345 248 2378 dus
282 2344 342 2377 der
374 2343 607 2377 rhetorischen
631 2344 740 2385 Frage
774 2344 808 2376 in
839 2343 898 2376 der
927 2343 1146 2377 lateinischen
1170 2344 1278 2376 oratio
1302 2342 1446 2385 obliqua.
1492 2343 1596 2376 Stutt-

184 2403 259 2439 gart
287 2400 382 2439 1862,
418 2398 473 2439 qui
508 2397 549 2430 de
574 2397 752 2430 omissione
787 2396 878 2430 verbi
912 2397 1111 2430 substantivi
1142 2397 1295 2439 exempla
1325 2396 1429 2429 multa
1458 2396 1598 2429 contulit

220 2477 228 2485 ,
257 2454 398 2483 11—14.

185 2453 218 2494 (p
272 2504 325 2546 **)
371 2452 563 2546 giipperdey
588 2504 645 2544 (ad
667 2504 707 2537 A.
734 2503 771 2535 ΙΙ.
799 2506 849 2545 60,
873 2504 905 2545 5)
928 2505 1095 2538 refutatur
1118 2514 1138 2536 a
1161 2505 1331 2545 Draegero
1354 2506 1381 2543 ξ.
1407 2506 1458 2545 36,
1481 2513 1501 2535 a
1525 2503 1595 2536 Ioh-
