1804 2909
88 269 90 272 ’
147 265 354 315 standigen
393 265 598 306 Ausdruck
640 266 748 306 eines
777 265 1031 314 Gedankens,
1074 265 1196 304 worin
1236 264 1329 304 kein
1355 264 1468 304 Wort
1508 275 1558 304 zu

108 371 110 375 .
147 332 345 381 erganzen
372 328 444 377 ist,
487 329 544 369 als
580 330 656 369 den
691 330 997 379 regelmassigen
1031 329 1110 368 und
1137 327 1461 378 urspriinglichen
1488 340 1557 368 an-

39 401 40 404 ’
107 414 109 417 ·
149 388 360 434 2118811811.«
418 394 526 442 Quae
567 395 670 435 ratio
707 394 757 433 ad
793 394 1015 434 discendam
1052 393 1225 442 linguam
1258 392 1422 432 latinam
1471 404 1558 433 cum

147 457 243 497 satis
270 460 364 508 apta
390 458 592 507 videatur,
630 461 763 497 tamen
790 470 869 497 una
896 458 1020 497 solum
1047 468 1140 507 pars
1168 456 1289 496 totius
1317 457 1556 507 quaestionis

150 524 232 571 est,
288 522 404 563 immo
453 534 539 563 rem
582 522 812 563 interiorem
865 522 1092 571 respicienti
1142 533 1220 561 non
1260 525 1391 571 recte,
1433 522 1466 562 si
1507 521 1557 563 de

147 588 388 638 proprietate
408 596 413 602 ··
430 588 599 638 quadam
639 587 827 627 sermonis
868 586 982 626 latini
1022 586 1232 634 iudicatur,
1280 597 1416 626 sensus
1460 586 1556 635 eius,

147 652 214 701 qui
239 652 436 692 Romanus
475 664 551 692 non
586 655 667 700 est,
711 650 889 691 adhiberi
929 651 1106 699 videtur3
1148 651 1297 690 maiore
1338 651 1425 690 iure
1466 645 1556 690 inde

146 716 400 764 grammatico
437 714 757 765 proficiscendum
793 717 890 765 erit,
933 719 978 755 ut
1006 718 1173 766 quaerat
1205 716 1451 755 senserintne
1478 714 1556 755 Ro-

145 780 251 818 mani
285 780 361 829 ipsi
396 779 642 819 omissionem
679 784 721 819 et
748 791 847 829 quae
876 780 1030 819 omissio
1059 780 1190 819 sensui
1223 792 1358 820 eorum
1385 780 1555 830 gravior,

146 841 248 894 quae
275 843 400 883 levior
426 842 558 883 fuerit.
614 844 736 884 Recte
774 847 904 883 autem
932 844 1136 893 Zumptius
1173 843 1338 894 figuram
1375 841 1555 886 ἀποσιω-

145 906 309 962 πήσεως
363 912 483 959 atque
529 909 606 948 alia
650 908 846 949 rhetorica
891 912 933 948 et
978 909 1212 948 brevitatem
1259 909 1556 959 proverbiorum

147 984 196 1013 ex
224 974 402 1013 doctrina
437 973 584 1022 ellipsis
621 973 810 1021 excludit,
857 984 934 1022 qua
971 973 1011 1011 in
1038 984 1082 1012 re
1111 974 1288 1023 plerique
1316 974 1556 1023 posteriores

144 1038 389 1088 grammatici
412 1049 501 1078 eum
530 1037 653 1077 secuti
677 1041 778 1077 sunt.
823 1037 930 1085 Quae
959 1037 1007 1077 de
1036 1043 1076 1077 v⁰
1111 1038 1237 1078 subst⁰
1271 1038 1406 1078 attulit
1431 1049 1555 1088 pauca

145 1106 238 1143 sunt
264 1106 307 1143 et
334 1103 495 1152 singulis
529 1102 623 1142 10018
651 1114 675 1142 a
702 1114 764 1142 me
801 1105 1079 1152 proponentur.
1107 1125 1161 1130 —
1198 1101 1425 1152 Sequuntur
1453 1113 1554 1152 quae

143 1167 196 1207 M.
225 1167 268 1207 L.
299 1166 468 1217 Seyffert
510 1167 551 1206 in
591 1166 792 1216 palaestra
833 1165 1087 1206 Ciceroniana
1129 1166 1207 1216 (ed.
1236 1167 1306 1206 III.
1351 1165 1554 1207 Branden-

143 1231 245 1281 burg
275 1232 389 1280 1852,
419 1244 458 1281 p.
479 1231 545 1280 17)
574 1231 622 1270 de
650 1230 788 1270 eadem
805 1242 849 1270 re
870 1231 1093 1280 disputavit.
1134 1230 1211 1270 Sed
1229 1231 1262 1270 is
1291 1231 1416 1270 solum
1445 1230 1553 1271 Cice-

143 1295 250 1335 ronis
277 1306 390 1335 usum
417 1295 458 1334 in
485 1294 807 1345 disceptationem
828 1295 992 1344 vocavit,
1021 1295 1199 1344 materia,
1228 1307 1345 1346 quam
1372 1307 1553 1345 magnam

144 1358 275 1408 habet,
305 1370 377 1409 ego
402 1370 552 1398 summa
578 1370 665 1398 cum
691 1360 821 1410 gratia
850 1371 942 1409 erga
961 1360 1006 1400 V.
1022 1360 1069 1399 D.
1098 1371 1191 1400 usus
1220 1372 1316 1400 sum.
1357 1361 1553 1412 Principia

140 1424 355 1464 omissionis
384 1424 586 1463 constituit
613 1424 702 1463 tria.
761 1425 793 1463 1.
823 1423 969 1474 Copula
1002 1428 1165 1474 propter
1201 1424 1427 1475 rhythmum
1463 1436 1551 1465 ora-

139 1488 256 1527 tionis
284 1488 489 1536 omittitur,
519 1500 594 1537 quo
623 1489 663 1527 in
690 1500 835 1538 genere
864 1489 1055 1538 oppositio
1084 1492 1165 1537 est,
1195 1492 1240 1528 ut
1266 1489 1373 1529 Lael.
1403 1489 1469 1529 VI.
1498 1489 1551 1529 20

141 1552 363 1603 (beluarum
391 1552 463 1591 hoc
491 1553 648 1602 quidem
675 1556 905 1601 extremum,
935 1552 1002 1592 illa
1030 1556 1161 1592 autem
1182 1553 1387 1602 superiora
1407 1552 1554 1593 caduca

141 1620 187 1656 et
214 1617 382 1667 incerta)
412 1620 454 1656 et
470 1617 726 1666 interrogatio
754 1616 952 1656 rhetorica
966 1616 1015 1666 ss).
1072 1616 1114 1666 2)
1144 1617 1324 1657 Brevitas
1351 1617 1551 1666 popularis

140 1681 358 1720 omissionis
386 1692 502 1720 causa
530 1684 608 1729 est,
651 1681 699 1720 ad
736 1681 839 1730 quod
866 1692 989 1730 genus
1018 1680 1187 1730 Seyffert
1215 1692 1291 1720 non
1319 1685 1428 1721 recte
1457 1693 1547 1731 pro-

139 1745 274 1785 verbia
315 1756 469 1795 quoque
510 1744 662 1784 referre
704 1745 881 1793 videtur,
928 1745 998 1784 sed
1047 1757 1116 1785 suo
1158 1746 1244 1785 iure
1296 1745 1358 1785 hic
1402 1746 1548 1795 allegat

138 1808 302 1857 phrases
329 1821 399 1846 nec
418 1811 567 1855 mirum,
595 1810 746 1846 minime
763 1811 910 1856 mirum,
939 1810 1038 1846 nihil
1055 1810 1111 1846 ad
1131 1810 1203 1846 hoc
1220 1812 1294 1847 810.
1337 1809 1380 1858 3)
1400 1809 1548 1848 Rerum

139 1864 373 1922 scriptarum
409 1883 532 1922 genus
570 1871 815 1912 omissionem
843 1870 973 1911 efficit.
1030 1871 1140 1920 Quod
1173 1882 1397 1921 supremum
1424 1884 1548 1923 genus
1578 1889 1585 1895 ¹

138 1936 279 1976 melius
320 1948 407 1976 cum
444 1937 569 1986 primo
610 1937 651 1976 in
691 1948 811 1976 unum
853 1935 1020 1976 conferri
1060 1940 1176 1985 puto,
1220 1937 1277 1976 ita
1313 1940 1358 1976 ut
1394 1937 1548 1977 dicatur

139 2000 317 2049 copulam
336 2001 492 2050 generis
514 2001 742 2052 elocutionis
770 2012 888 2040 causa
915 2000 1060 2041 omitti:
1090 2010 1130 2041 a.
1159 2001 1199 2040 in
1227 2001 1547 2051 oppositionibus,

138 2066 182 2105 b.
210 2065 251 2104 in
279 2065 587 2115 interrogatione
607 2066 816 2106 rhetorica.
845 2076 882 2106 c.
911 2066 952 2105 in
980 2066 1247 2116 disquisitione
1275 2078 1353 2116 qua
1370 2066 1548 2107 breviter

139 2129 286 2181 aliquid
313 2130 475 2171 docetur
502 2134 620 2181 atque
649 2131 950 2170 demonstratur.
980 2131 1021 2170 d.
1042 2130 1082 2170 in
1102 2130 1363 2180 descriptione
1393 2142 1547 2172 morum

223 2309 256 2353 *)
299 2310 350 2344 1)8
380 2314 500 2345 natura
530 2312 600 2345 eius
630 2313 819 2346 omissionis
851 2312 931 2346 dicit
961 2313 1092 2355 egregie
1116 2312 1215 2356 Seyff.
1247 2312 1291 2346 ad
1312 2313 1407 2349 Lael.
1429 2324 1461 2355 p.
1486 2316 1544 2347 78:

139 2363 223 2406 „Die
246 2364 442 2398 Praedicate
466 2366 599 2399 werden
620 2366 654 2399 in
676 2367 804 2400 kurzen
826 2367 1080 2408 Gegensaetzen
1102 2366 1373 2409 praedicirender
1392 2367 1544 2401 111-1118118

139 2427 181 2451 zu
213 2417 422 2452 schaerferer
453 2419 648 2462 Markirung
678 2421 870 2463 9018112111Ἰ
899 2421 929 2455 11.
953 2421 987 2456 11.
1021 2421 1218 2454 erscheinen
1252 2420 1338 2453 ohne
1363 2420 1417 2454 die
1450 2424 1546 2453 sonst

137 2471 296 2514 noethige
319 2472 456 2507 Stuetze
480 2473 540 2508 der
568 2474 738 2517 logischen
761 2475 906 2518 Copula,
940 2475 993 2509 die
1027 2475 1101 2509 hier
1132 2474 1198 2508 den
1231 2475 1546 2517 abgeschlossenen,

138 2526 312 2567 praecisen
335 2527 499 2562 Numerus
522 2539 584 2561 nur
607 2532 740 2562 stoeren
763 2529 829 2561 und
852 2528 1046 2562 vernichten
1068 2529 1234 2563 1111811118.ιι

1293 2597 1304 2627 1
1322 2596 1341 2617 *
