1804 2909
802 165 1069 205 -47-..

236 270 394 322 scripta,
422 272 468 310 ut
494 269 572 310 iam
599 269 638 310 in
666 270 788 321 priori
816 271 943 321 capite
971 269 1066 319 feci,
1095 269 1305 311 seeundum
1334 270 1513 311 editionis
1541 275 1640 312 tem—

234 345 308 385 pus
335 334 526 375 tractabo.
540 357 593 363 —
612 336 645 376 1.
675 336 720 375 In
748 336 904 386 scriptis
931 334 1146 375 minoribus
1173 337 1250 373 erit
1268 335 1327 375 bis
1347 336 1477 375 inveni
1491 334 1583 385 Agr.
1602 336 1638 384 3,

191 419 193 421 ·
235 398 286 439 19
314 401 356 440 et
382 399 446 449 46,
479 400 538 442 14.
557 423 607 428 —
637 402 674 441 2.
703 400 748 440 In
776 399 950 440 historiis
977 399 1153 440 futurum
1181 403 1334 450 tempus
1362 404 1492 441 exstat
1506 401 1532 440 1.
1554 401 1638 449 1,1.

234 463 296 512 16,
325 465 362 504 6.
394 465 455 513 16,
488 465 548 504 15.
578 466 641 513 37,
672 466 708 505 3.
738 465 800 513 38,
832 465 866 504 9.
896 464 960 512 84,
994 466 1056 504 11.
1084 465 1129 504 11.
1158 464 1223 511 47,
1253 465 1290 505 4.
1332 464 1396 513 47,
1426 465 1462 505 8.
1508 465 1570 512 77,
1601 466 1636 505 7.

233 527 294 569 111.
324 529 371 578 2,
402 530 466 570 22.
509 531 582 579 32,
614 531 675 570 19.
718 530 781 569 lv.
811 529 881 578 64,
911 529 947 568 5.
992 528 1064 577 74,
1098 529 1157 568 11.
1229 527 1465 569 Omissiones
1507 532 1638 568 autem

196 584 199 586 ’
231 603 365 632 omnes
407 594 541 642 vigore
584 594 750 644 quodam
790 592 987 631 rhetorico
1027 591 1190 631 effectae
1226 596 1328 631 sunt.
1385 591 1431 631 In
1467 592 1639 633 historiis

233 658 366 696 autem
408 656 508 697 duae
550 660 683 697 certae
711 656 895 696 videntur
923 667 1032 704 esse,
1078 667 1243 707 quarum
1279 656 1406 696 altera
1433 660 1563 697 exstat
1600 658 1639 697 in

212 723 409 762 oratione
445 723 616 762 Voculae
653 723 705 762 H.
732 723 794 761 IV.
825 722 889 769 58,
921 721 971 760 28
1015 720 1219 772 (Tutorine
1257 721 1429 761 Trevero
1472 725 1639 770 agentur

231 785 444 826 excubiae?
485 786 638 836 signum
664 786 757 826 belli
784 786 957 825 Batavus
986 786 1118 825 dabit?
1173 786 1374 825 Gallorum
1390 785 1425 837 ⁵⁵)
1469 789 1511 825 et
1538 786 1637 825 Ger-

228 861 431 890 manorum
473 853 652 890 catervas
689 850 946 899 supplebitis?
989 850 1075 900 quis
1112 849 1251 889 deinde
1289 849 1447 889 sceleris
1475 850 1626 889 exitus!
1631 852 1643 857 '

228 925 315 953 cum
344 914 543 953 Romanae
571 913 743 963 legiones
773 916 908 954 contra
937 912 1201 965 devexerint),
1236 913 1362 953 altera
1389 914 1428 952 in
1458 914 1635 953 oratione

231 978 413 1027 Cerialis,
442 990 559 1029 quam
579 979 682 1028 apud
699 978 891 1018 Treveros
919 990 964 1019 ac
991 979 1184 1027 Lingonas
1212 977 1348 1016 habuit
1367 977 1416 1016 H.
1431 977 1488 1016 lv,
1507 978 1569 1026 74,
1589 980 1635 1018 18

54 1034 77 1058 ⁸
132 1078 161 1094 sq
229 1042 315 1094 (sed
344 1042 453 1083 vobis
481 1043 691 1084 maximum
718 1043 965 1092 discrimens,
994 1054 1114 1092 penes
1151 1053 1246 1093 quos
1283 1053 1421 1081 aurum
1462 1045 1503 1082 et
1541 1053 1634 1092 opes

224 1108 459 1157 praecipuae
486 1108 680 1148 bellorum
709 1106 878 1160 causae).
922 1131 974 1136 —-
1015 1109 1051 1147 3.
1080 1107 1126 1146 In
1154 1106 1356 1145 annalibus
1385 1117 1537 1157 quoque
1564 1118 1633 1155 po-

225 1172 385 1212 sitiones
425 1173 543 1213 liceat
584 1173 861 1222 praemittere,
906 1175 997 1211 sunt
1036 1173 1168 1210 autem
1203 1169 1298 1209 hae:
1342 1170 1388 1209 A.
1418 1170 1445 1210 1.
1474 1170 1540 1218 43,
1571 1170 1632 1209 14.

223 1236 268 1275 11.
296 1236 360 1285 38,
393 1237 452 1277 13.
483 1237 545 1277 v1.
574 1236 638 1285 48,
668 1237 731 1278 25.
762 1236 823 1276 XI.
853 1236 916 1285 24,
947 1235 1010 1276 33.
1040 1235 1136 1274 xlv.
1165 1234 1229 1282 55,
1262 1235 1311 1274 12
1352 1234 1392 1272 in
1421 1234 1633 1273 enuntiatis

222 1300 429 1350 primariis,
459 1301 499 1340 in
527 1301 730 1341 enuntiato
759 1299 1011 1340 condicionali
1032 1300 1112 1338 XII.
1140 1299 1203 1346 37,
1237 1300 1298 1346 10,
1326 1298 1367 1336 in
1395 1303 1462 1337 en⁰
1488 1299 1633 1337 causali

222 1363 303 1405 XV.
333 1364 397 1413 72,
430 1365 491 1404 10.
547 1364 786 1405 omissiones
814 1364 920 1404 hisce
948 1363 1199 1403 inveniuntur
1226 1362 1339 1401 locis:
1382 1362 1427 1401 In
1456 1362 1632 1402 oratione

225 1427 383 1477 Tiberii,
428 1439 504 1478 qua
532 1428 701 1468 Drusum
739 1440 784 1468 ac
811 1429 1028 1476 Neronem,
1071 1427 1293 1467 Germanici
1320 1426 1435 1475 filios,
1478 1428 1633 1466 senatui

225 1493 479 1542 commendat,
509 1493 557 1533 A.
586 1493 650 1532 IV.
682 1494 718 1541 8,
748 1493 800 1532 23
828 1492 884 1543 (hi
912 1492 1030 1540 vobis,
1087 1492 1192 1531 Nero
1230 1495 1272 1531 et
1298 1491 1447 1539 Druse,
1491 1503 1633 1541 paren—

224 1560 307 1595 tum
341 1556 483 1608 locos),
512 1558 552 1596 in
589 1557 762 1596 eiusdem
791 1557 968 1596 oratione
997 1557 1125 1595 altera
1152 1559 1282 1595 exstat
1310 1556 1464 1594 omissio
1492 1555 1539 1594 A.
1569 1557 1631 1594 lv.

221 1619 285 1668 38,
314 1621 339 1659 6
369 1619 483 1671 (haec
509 1620 604 1659 mihi
632 1620 672 1658 in
700 1621 838 1660 animis
855 1621 997 1659 vestris
1026 1620 1207 1669 templas,
1237 1619 1312 1658 hae
1342 1619 1629 1668 pulcherrimae

222 1681 406 1732 effigiess
430 1686 471 1723 et
498 1682 736 1736 mansurae),
765 1684 887 1723 tertia
915 1684 955 1722 in
975 1683 1105 1723 verbis
1133 1683 1300 1723 militum
1328 1683 1377 1723 ad
1405 1683 1631 1735 obsequium

219 1746 469 1787 redeuntium
511 1747 561 1787 A.
589 1748 617 1788 Ι.
647 1748 711 1797 28,
744 1749 794 1788 14
836 1747 1052 1800 (quousque
1089 1746 1212 1787 filium
1248 1748 1498 1798 imperatoris
1526 1747 1629 1787 obsi-

220 1810 426 1851 debimus?
461 1812 548 1863 quis
576 1812 833 1852 certaminum
860 1811 973 1859 finis[
982 1810 1028 1864 22).
1084 1812 1233 1852 Ultimo
1250 1812 1335 1851 loco
1355 1811 1476 1851 affero
1495 1823 1626 1851 exem-

218 1874 337 1926 plum,
366 1876 406 1916 in
435 1887 510 1928 quo
538 1877 579 1917 in
607 1877 811 1917 enuntiato
840 1876 1093 1917 condicionali
1115 1879 1190 1916 erit
1209 1877 1468 1926 desideratur,
1498 1880 1628 1917 exstat

217 1943 351 1980 autem
378 1941 418 1980 in
446 1941 623 1981 oratione
647 1941 793 1981 Tiberii
822 1942 864 1982 ΙΙ.
896 1943 959 1991 38,
994 1942 1041 1982 15
1081 1941 1325 1989 (intendetur
1352 1942 1548 1991 socordia,
1594 1942 1627 1981 si

217 2004 345 2044 nullus
373 2015 421 2044 ex
449 2017 491 2046 se
519 2009 647 2046 metus
676 2010 744 2046 aut
772 2017 860 2056 spes
871 2010 916 2055 [,-
935 2010 976 2047 et
1003 2007 1131 2046 securi
1159 2018 1291 2046 omnes
1309 2007 1438 2047 aliena
1456 2007 1627 2047 subsidia

216 2071 531 2122 exspectabunt).
588 2071 774 2111 Ultimam
793 2073 1040 2112 omissionem
1061 2071 1329 2120 gravissimam
1347 2072 1517 2110 omnium
1538 2083 1626 2112 esse

218 2146 334 2186 quem
361 2134 487 2186 fugit?
541 2136 687 2178 Tamen
715 2136 773 2185 id,
813 2140 858 2176 ut
885 2135 1034 2175 facilius
1071 2136 1119 2175 de
1148 2147 1196 2175 ea
1224 2135 1463 2186 delabamur,
1494 2135 1623 2185 efficit,

217 2200 319 2250 quod
347 2203 501 2250 tempus
529 2202 787 2251 supplendum
814 2212 936 2251 prope
965 2204 1113 2249 exstat,
1153 2212 1253 2251 quae
1289 2201 1353 2240 lex
1390 2212 1477 2240 cum
1505 2202 1625 2241 etiam

216 2264 257 2303 in
284 2263 513 2314 imperfecto
542 2268 616 2307 etc.
647 2266 817 2316 valeret,
861 2267 980 2307 etiam
1016 2267 1055 2305 in
1092 2265 1222 2305 futuro
1250 2269 1428 2315 tempore
1466 2270 1624 2306 servata

217 2331 290 2377 est,
321 2333 482 2379 praeter
509 2329 558 2369 H.
587 2330 647 2367 IV.
678 2331 740 2379 74,
773 2332 821 2371 18
851 2334 892 2371 et
919 2331 965 2370 A.
995 2331 1055 2370 lv,
1086 2332 1121 2379 8,
1152 2330 1224 2378 23,
1267 2341 1366 2380 quae
1396 2331 1624 2371 omissiones

215 2394 469 2443 gravissimae
509 2395 679 2434 omnium
721 2394 925 2436 habendae
967 2398 1068 2436 sunt.
1125 2394 1202 2435 Sed
1244 2398 1329 2436 tota
1365 2406 1413 2435 ea
1451 2407 1517 2436 res
1544 2407 1622 2437 non

300 2526 332 2570 ¹⁸¹)
357 2526 392 2559 ld
415 2527 549 2561 verbum
574 2526 700 2560 addidit
715 2526 881 2569 ffitterus,
905 2527 1033 2570 recepit
1056 2527 1222 2562 Heraeus.
