1804 2909
787 131 1023 170 ...4-1

193 236 257 276 vel
293 237 565 277 institutorum
606 237 824 276 decurtata.
893 236 1099 276 Rationem
1138 248 1255 286 quam
1291 234 1461 286 Seyffert
1500 234 1634 287 indas

193 302 321 351 gavit,
365 303 489 342 secuti
525 304 616 341 sunt
653 300 694 341 C.
732 302 773 340 F.
812 313 847 340 v.
877 300 1146 350 Naegelsbach
1176 301 1279 351 (Lat.
1317 300 1499 349 Stilistik‚
1529 292 1609 340 No-

193 365 309 405 rimb.
341 365 462 416 1870)
507 369 549 405 et
586 365 632 405 G.
663 365 724 405 W.
755 365 946 405 Gossrau'
966 367 1080 420 (Lat.
1099 365 1379 415 Sprachlehre,
1425 365 1610 414 Quedlin-
1708 409 1711 411 >

192 428 294 479 burg
326 428 456 481 1869).
513 431 643 479 Atque
673 429 942 478 Naegelsbach
970 430 1127 480 quidem
1156 430 1258 479 quod
1279 428 1448 480 Seyffert
1464 429 1611 480 incepit
1657 421 1689 479 3}
1705 389 1804 483 ⁸3³}

192 505 269 533 non
307 494 424 543 paulo
470 494 655 543 produxit
701 497 820 543 atque
865 495 973 534 auxit
988 494 1037 544 ²1<).
1094 495 1306 543 Postquam
1343 494 1446 533 enim
1482 494 1610 544 singu·
1681 481 1804 524 ἰ

191 559 292 598 laria
338 558 529 608 quaedam
579 569 727 607 genera
769 561 1062 599 enuntiatorum
1109 559 1325 608 percurrit,
1385 559 1426 597 in
1471 559 1627 609 quibus·
1682 564 1691 583 ³

193 634 279 661 esse
307 622 465 671 saepius
494 622 747 661 omitteretur
788 646 839 650 —
882 634 1009 673 neque
1038 625 1077 662 in
1106 635 1154 663 ea
1181 635 1225 663 re
1254 635 1278 663 a
1306 622 1514 672 Seyffertio
1542 623 1610 664 de·
1786 633 1791 640 ⁷

193 686 298 726 cedit
324 708 379 714 ——
408 685 611 725 confirmat
639 687 743 735 apud
776 688 898 727 verba
926 688 1111 727 nonnulla
1139 700 1174 726 v.
1204 687 1440 726 substantivi
1466 686 1611 727 formas
1785 722 1799 736 .-

191 750 390 790 interdum
418 750 576 798 deesse,
620 754 665 790 ut
694 749 770 789 Cic.
801 751 849 790 de
878 750 967 790 finn.
998 753 1034 800 5,
1065 753 1108 800 5,
1144 753 1190 792 13
1231 751 1382 802 (Strato
1409 751 1610 801 physicum
1672 778 1674 780 -
1743 753 1747 797 ζ

192 826 235 854 se
264 815 418 865 voluit),
448 815 496 853 de
526 818 604 863 opt.
634 826 722 863 gen.
751 814 787 862 5,
822 816 870 854 15
908 815 991 865 (qui
1020 828 1062 855 se
1091 816 1241 855 Atticos
1270 815 1442 865 volunt),
1487 826 1610 865 quare
1685 817 1699 835 ³

191 890 332 919 novam
373 890 467 919 sane
510 879 749 928 quaestionis
791 882 943 927 partem
987 881 1155 929 aperuit.
1211 880 1407 929 Reisigius
1444 880 1609 923 cumin
1768 885 1804 926 a

191 943 522 992 praelectionibus
550 943 583 992 ξ.
613 944 693 981 455
722 943 874 990 singula
906 944 1112 982 utilissima
1141 943 1278 991 affert,
1322 946 1406 982 tum
1440 944 1479 981 id
1518 954 1607 982 con-

192 1006 320 1047 tendit
348 1019 384 1045 v,
401 1006 688 1046 substantivum
717 1018 792 1045 uon
824 1007 973 1055 deesse,
1005 1008 1070 1046 ubi
1099 1008 1255 1056 plenam
1274 1007 1353 1047 vim
1373 1006 1520 1047 habeat
1537 1017 1610 1047 nec

190 1070 273 1109 solo
340 1070 503 1119 copulae
563 1081 726 1109 munere
778 1070 974 1118 fungatur,
1020 1082 1120 1119 quae
1172 1071 1309 1119 regula
1362 1070 1454 1119 quid
1505 1070 1609 1119 apud

191 1134 368 1174 Tacitum
398 1134 530 1173 valeat
557 1133 659 1173 infra
688 1133 914 1173 videbimus.

296 1198 356 1237 Ex
397 1198 613 1237 editoribus
671 1198 954 1237 recentioribus
1002 1198 1273 1246 Nipperdeyus
1324 1197 1363 1235 in
1407 1196 1610 1236 annalibus

189 1263 347 1312 saepius
377 1274 400 1301 a
429 1263 536 1302 codd.
567 1263 804 1302 auctoritate
843 1262 1069 1311 discrepans
1109 1261 1281 1310 singulas
1311 1274 1345 1300 v.
1376 1260 1610 1301 substantivi

189 1326 335 1366 formas
364 1327 565 1377 adposuit,
597 1338 714 1375 quani
742 1327 936 1365 rationem
964 1327 1190 1375 Draegerus
1224 1327 1264 1364 in
1293 1327 1461 1366 editione
1490 1338 1610 1365 anna·
1704 1330 1804 1377 “ff

190 1390 285 1429 lium
329 1391 406 1440 (ed.
436 1391 486 1429 II.
525 1391 630 1439 Lips.
674 1390 791 1439 1872)
837 1394 878 1429 et
920 1391 1125 1439 Agricolae
1170 1390 1290 1440 (Lips.
1325 1389 1443 1442 1873)
1486 1394 1527 1430 et
1571 1390 1611 1429 in
1773 1391 1781 1404 ³

190 1455 312 1503 libro,
357 1466 474 1504 quem
503 1455 551 1494 de
580 1455 735 1504 syntaxi
763 1458 804 1493 et
833 1455 922 1493 stilo
951 1455 1074 1493 Taciti
1105 1455 1271 1504 scripsit,
1302 1458 1343 1494 et
1371 1454 1453 1494 Ioh.
1481 1454 1608 1494 Muel-

191 1519 299 1559 lerus
345 1520 546 1569 (Beitrage
589 1531 659 1558 zur
701 1519 925 1568 Erklarung
966 1520 1043 1558 und
1080 1518 1212 1557 Kritik
1250 1518 1319 1559 des
1347 1519 1435 1558 Tac.
1479 1519 1528 1557 H.
1557 1517 1607 1557 II.

189 1584 407 1624 Innsbruck
439 1586 552 1625 1869.
592 1597 628 1633 p.
659 1585 727 1634 39)
774 1582 1059 1624 refutaverunt.
1117 1582 1383 1623 Historiarum
1427 1582 1608 1632 egregius

189 1650 316 1689 editor
358 1650 397 1688 O.
442 1650 620 1688 Heraeus
664 1649 898 1699 (Woelfflin,
944 1648 1078 1686 Philol.
1124 1647 1284 1685 XXVII.
1329 1659 1366 1695 p.
1401 1648 1475 1687 113
1505 1646 1605 1698 sqq.)

188 1713 313 1753 multa
350 1713 516 1763 sparsim
545 1714 584 1752 in
623 1713 771 1753 adnott.
802 1713 850 1752 de
879 1711 999 1751 verbo
1037 1711 1280 1750 substantivo
1310 1710 1507 1750 disseruit.
1562 1709 1608 1749 In

189 1778 249 1817 ed.
280 1779 435 1827 dialogi,
466 1790 566 1827 quae
596 1778 690 1816 mihi
720 1781 881 1826 praesto
910 1777 984 1815 fuit
1014 1776 1247 1827 (Andresen,
1277 1777 1370 1824 Lp2.
1403 1775 1522 1824 1872)
1566 1778 1608 1814 et

188 1841 425 1881 Germaniae
455 1841 862 1891 (Schweizer-Sidler,
902 1840 1016 1879 Halle
1050 1840 1168 1890 1871)
1208 1840 1256 1879 de
1295 1852 1330 1879 v.
1361 1838 1606 1879 substantivo

187 1906 287 1946 nihil
314 1906 457 1946 inveni.

295 1970 340 2009 In
378 1970 547 2018 scriptis,
578 1981 678 2019 quae
717 1971 765 2008 de
800 1970 889 2008 stilo
924 1973 1042 2018 atque
1081 1970 1233 2018 syntaxi
1271 1969 1394 2008 Taciti
1436 1972 1603 2016 exstant,

186 2044 311 2083 pauca
339 2033 388 2072 de
417 2033 537 2072 verbo
567 2033 811 2072 substantivo
841 2033 1103 2073 inveniuntur.
1160 2033 1220 2072 W.
1250 2033 1478 2073 Boetticher
1498 2033 1604 2083 (pro-

186 2098 286 2147 legg.
317 2098 366 2136 ad
395 2098 469 2136 lex.
492 2098 579 2136 Tac.
602 2110 690 2147 pag.
712 2097 902 2144 LXXIII„
939 2097 984 2136 cf.
1018 2099 1061 2136 E.
1084 2097 1290 2145 Woelfflin,
1321 2097 1458 2137 Philol.
1482 2097 1602 2136 XXV.

185 2174 222 2211 p.
243 2162 312 2212 92)
341 2163 497 2201 modum
526 2162 764 2202 collectionis
792 2161 1046 2210 imperfectae
1076 2174 1152 2201 non
1170 2162 1347 2210 excessit,
1378 2162 1604 2211 Draegerus

186 2228 235 2267 de
264 2228 499 2266 coniunctivi
528 2228 735 2267 omissione
764 2227 931 2265 maxime
960 2227 1071 2265 utilia
1104 2230 1135 2275 ξ.
1153 2227 1203 2265 36
1225 2227 1369 2274 attulit,
1401 2227 1469 2265 sed
1488 2226 1603 2276 longe
1796 2269 1800 2271 ,

185 2293 324 2332 summi
365 2293 553 2332 momenti
596 2297 687 2332 suut
728 2292 804 2331 duo
848 2291 1005 2339 scripta,
1038 2291 1207 2330 alterum
1236 2289 1404 2329 Storchii
1447 2290 1602 2340 (Einige
1777 2289 1804 2350 ξ

184 2358 485 2407 Bemerkungen
528 2371 598 2398 zur
640 2356 884 2398 Grammatik
935 2357 1003 2394 des
1046 2356 1203 2395 Tacitus
1246 2355 1308 2393 fiir
1349 2355 1424 2394 den
1468 2354 1602 2393 Schul-

270 2506 303 2548 *)
348 2517 379 2548 p.
404 2509 465 2538 510
489 2516 564 2548 sqq.
