1804 2909
734 131 998 170 —10—

158 235 223 275 ubi
254 237 391 285 copula
420 237 492 284 sit,
533 236 681 274 clarum
720 239 803 283 est,
833 239 967 275 tamen
1007 235 1163 283 saepius
1191 236 1231 274 in
1259 236 1365 275 hisce
1395 237 1571 275 constru-

159 299 352 339 ctionibus
372 299 580 347 omittitur,
610 310 700 338 nam
729 310 777 338 ex
797 300 884 339 Tac.
901 303 1087 340 sexcenta
1108 299 1192 339 eius
1220 300 1376 349 generis
1395 298 1574 349 exempla

156 367 316 413 praesto
353 363 491 412 habeo,
532 367 578 403 ut
605 364 654 403 H.
683 363 729 410 V,
759 364 795 412 5,
826 365 874 403 21
908 364 1001 414 (non
1036 362 1195 412 regibus
1236 363 1334 403 haec
1370 362 1572 413 adulatio).

156 428 192 465 2.
223 438 309 467 esse
332 441 364 467 c.
386 428 465 468 dat.
488 428 546 467 rei
568 431 610 467 et
638 439 830 476 personae
860 433 904 469 ut
933 442 980 467 ea
1008 441 1073 466 res
1100 429 1192 466 mihi
1221 430 1308 466 usui
1336 441 1474 478 maqno
1503 434 1573 468 est.

162 489 355 543 (Gossrau
383 492 415 542 ξ.
434 492 557 542 281.).
615 493 739 539 Quem
768 493 942 534 dativum
971 493 1085 533 facile
1114 492 1297 533 adiectivi
1325 494 1402 532 vim
1432 505 1573 543 capere

160 567 274 605 posse
303 567 376 605 per
404 567 446 595 se
475 557 641 606 intelligi
670 561 813 607 potest,
844 559 1027 608 quoniam
1056 558 1302 597 enuntiatum
1330 568 1450 607 supra
1478 557 1572 598 alle-

160 624 295 670 gatum
337 621 441 661 idem
483 626 545 662 est
586 623 689 672 quod
726 636 773 661 ea
810 636 874 661 res
902 625 995 661 mihi
1023 624 1132 661 utilis
1162 627 1230 673 est.
1262 622 1385 669 Quam
1411 622 1459 661 ob
1488 633 1573 661 rem

156 685 244 724 Tac.
285 686 453 735 scripsit,
493 686 541 724 H.
571 687 602 725 Ι.
642 688 705 734 79,
739 688 784 725 11
828 687 912 736 (sed
949 691 1032 725 tum
1062 708 1109 713 ——
1140 696 1267 735 neque
1304 686 1408 724 conti
1445 696 1573 735 neque

155 748 275 797 gladii
303 772 356 776 —
383 751 482 798 usui,
522 751 603 790 scil.
634 751 778 800 erant.)
848 750 995 789 Eadem
1033 750 1167 789 valent
1209 749 1256 789 de
1295 749 1464 789 ablativo
1507 749 1574 799 qui

158 812 390 861 qualitatem
419 814 563 853 indicat
593 814 782 863 (Gossrau
812 814 843 864 ξ.
875 815 970 863 331)
1000 818 1045 853 ut
1075 815 1225 852 Caesar
1251 816 1378 863 fuisse
1408 814 1576 851 traditur

158 878 317 915 eoecelsa
346 882 509 915 statura.
555 877 664 918 Suet.
684 877 724 917 C.
744 878 808 926 45,
838 877 904 916 ubi
934 878 1052 917 etiam
1072 877 1207 916 Cicero
1235 889 1259 915 v
1289 876 1575 917 substantivum

159 942 319 990 omittit,
350 942 399 981 ad
427 942 511 982 Att.
538 943 567 982 Ι.
603 944 650 982 13
681 943 830 992 (consul
865 946 998 981 autem
1034 953 1156 990 parvo
1194 941 1349 991 animo.)
1405 942 1493 980 Tac.
1523 941 1571 980 H.

159 1005 205 1044 V.
236 1006 272 1052 6,
307 1006 355 1044 12
385 1006 509 1056 (lacus
538 1007 713 1046 inmenso
742 1007 902 1054 ambitu,
936 1006 1065 1054 specie
1096 1007 1246 1055 maris.)

265 1070 366 1117 Quin
395 1070 515 1110 etiam
543 1070 609 1110 ubi
639 1070 832 1110 ablativus
861 1071 986 1110 locum
1016 1072 1162 1110 indicat
1182 1075 1223 1110 et
1239 1084 1273 1110 v.
1287 1070 1574 1110 substantivum

159 1134 284 1173 solum
322 1147 358 1173 v.
388 1135 584 1174 existendi
620 1146 708 1174 esse
745 1139 840 1184 puto
878 1136 1034 1174 omissio
1064 1139 1193 1175 exstat
1230 1135 1332 1184 apud
1368 1134 1574 1183 Virgilium

157 1198 255 1238 Aen,
272 1198 322 1237 ΙΙ.
342 1198 420 1237 322
451 1199 552 1248 (Quo
570 1210 635 1238 res
656 1210 804 1237 summo
824 1198 948 1247 loco‘ss)
979 1198 1209 1247 Similesque
1236 1200 1327 1236 sunt
1347 1197 1574 1236 omissiones

160 1261 247 1300 Tac.
291 1261 336 1299 A.
380 1261 431 1301 II.
479 1262 542 1309 82,
589 1263 614 1301 2
659 1262 729 1312 (At
770 1262 916 1301 Romae
946 1285 998 1289 —
1026 1263 1136 1302 dolor
1177 1262 1252 1312 ira)
1300 1262 1341 1301 et
1378 1261 1491 1301 aliae.
1521 1276 1573 1288 ·—

156 1325 359 1365 Postremo
388 1326 471 1366 loco
499 1326 705 1366 dicendum
742 1332 803 1367 est
832 1329 879 1368 de
908 1328 1261 1378 praepositionibus
1295 1328 1335 1366 in
1363 1326 1569 1376 phrasibus

156 1390 291 1439 quales
319 1390 436 1430 affert
463 1391 658 1440 Reisigius
687 1394 719 1442 ς’.
751 1393 829 1433 372
867 1406 953 1431 esse
983 1406 1008 1431 a
1035 1406 1161 1441 manu,
1191 1405 1273 1430 esse
1303 1405 1328 1430 a
1365 1393 1569 1436 consiliis,-

157 1455 329 1495 Gossrau
358 1455 391 1505 ξ.
421 1456 512 1504 238,
544 1458 568 1496 3
598 1456 728 1496 adnot.
768 1458 793 1496 2
832 1470 917 1495 esse
954 1461 992 1495 in
1032 1460 1128 1504 loco,
1169 1460 1208 1496 in
1245 1470 1381 1506 maquo
1411 1458 1567 1509 honore,

153 1534 226 1571 pro
266 1524 385 1560 hoste.
442 1522 520 1561 Eas
563 1533 717 1571 quoque
754 1522 917 1571 phrases
955 1522 1130 1561 Tacitum
1168 1522 1447 1571 adjectivorum
1484 1520 1569 1560 loco

157 1585 380 1626 adhibuisse
410 1587 539 1626 elucet
565 1598 613 1626 ex
633 1587 820 1636 exemplis
841 1598 941 1636 quae
960 1599 1078 1636 supra
1098 1599 1135 1636 p.
1159 1587 1207 1626 10
1226 1586 1381 1625 laudavi
1401 1586 1567 1636 ideoque

156 1650 196 1688 in
224 1650 369 1689 talibus
399 1651 669 1690 omissionibus
697 1664 732 1689 v.
763 1651 954 1690 existendi
1000 1652 1183 1690 omissum
1221 1662 1307 1689 esse
1338 1662 1451 1690 nemo
1480 1661 1568 1689 con-

160 1714 309 1761 tendet,
353 1717 486 1753 tamen
523 1715 714 1763 gravioris
743 1714 966 1754 offensionis
1004 1727 1070 1754 eas
1108 1714 1228 1755 fuisse
1267 1718 1570 1768 consentaneum

158 1780 231 1817 est.
288 1777 365 1817 Sed
392 1777 490 1817 haec
518 1778 728 1826 hactenus;
772 1779 867 1818 satis
910 1779 1034 1819 habeo
1064 1779 1300 1827 ostendisse,
1346 1778 1486 1828 quibus
1528 1778 1569 1816 in

159 1842 508 1882 constructionibus
554 1855 589 1881 v.
634 1843 920 1882 substantivum
963 1844 1139 1893 copulam
1179 1855 1267 1882 esse
1309 1843 1486 1891 iudicem,
1529 1842 1569 1881 in

158 1906 298 1957 quibus
340 1907 505 1946 verbum
547 1907 751 1956 existendi,
791 1911 832 1947 et
860 1908 1016 1957 saepius
1053 1921 1138 1947 esse
1175 1908 1301 1947 omitti
1338 1908 1469 1956 etiam,
1503 1907 1570 1947 ubi

158 1971 322 2012 verbum
350 1972 544 2012 existendi
572 1973 644 2020 sit3
683 1973 722 2011 id
751 1972 854 2022 quod
881 1984 959 2012 non
987 1973 1113 2012 minus
1142 1972 1253 2012 facile
1281 1972 1367 2013 fieri
1395 1972 1569 2021 potuisse

158 2040 253 2085 puto
292 2048 410 2086 quam
448 2036 551 2085 quod
602 2036 758 2085 saepius
800 2037 902 2085 apud
945 2037 1121 2077 Tacitum
1161 2036 1282 2076 verba
1320 2036 1471 2076 dicendi
1507 2036 1570 2076 vel

158 2103 300 2151 agendi
327 2102 481 2142 desunt.
537 2102 646 2141 Haec
683 2105 816 2141 autem
853 2114 987 2142 rerum
1024 2113 1174 2140 summa
1209 2105 1287 2140 est:
1325 2113 1360 2139 v.
1391 2100 1569 2140 substan-

158 2167 283 2206 tivum
311 2167 343 2206 si
373 2167 511 2216 copula
540 2170 611 2215 est,
641 2168 867 2217 saepissime
897 2166 1110 2213 omittitur,
1139 2165 1191 2204 ub
1207 2165 1256 2204 iv.
1276 2164 1469 2204 existendi
1496 2168 1569 2212 est,

158 2232 292 2281 paucis
325 2232 419 2271 locis
447 2233 711 2281 omittiturss)‚
751 2233 906 2282 saepius
950 2232 1081 2278 deest,
1127 2233 1333 2279 postquam
1367 2241 1415 2269 ex
1450 2229 1569 2269 verbo

159 2296 351 2336 existendi
379 2296 517 2346 copula
545 2296 649 2337 facta
678 2301 739 2337 est
756 2297 828 2347 >²0³².)

244 2392 278 2433 *)
323 2392 411 2434 apud
434 2393 609 2435 adverbia,
644 2395 676 2427 in
712 2393 959 2427 constructione
990 2402 1062 2424 esse
1087 2403 1112 2424 c.
1136 2402 1208 2433 (sen.
1232 2390 1471 2434 possessionis,
1495 2401 1571 2423 esse

160 2456 187 2478 c.
212 2445 279 2479 abl.
302 2446 378 2480 Ioci.

225 2501 276 2543 **)
320 2501 353 2534 in
377 2501 607 2534 contractione
631 2500 784 2542 genetivi,
807 2500 919 2541 dativi,
942 2499 1078 2534 ablativi
1101 2500 1280 2542 qualitatis.
