1804 2909
688 139 1032 180 ,-27—

205 243 342 284 Licinii
370 243 538 283 Muciani
566 244 613 284 H.
644 246 674 286 Ι.
706 247 774 294 10,
805 246 830 285 5
869 245 1039 296 (luxuria
1075 245 1285 292 industria,
1330 246 1511 285 comitate
1540 244 1607 284 ad-

204 308 407 357 rogantia,
450 308 560 349 malis
605 310 793 360 bonisque
834 310 984 351 artibus
1010 310 1171 359 mixtus)
1201 310 1231 348 Ι.
1262 309 1297 357 7,
1330 310 1378 349 12
1426 309 1607 360 (Venalia

204 375 353 421 cuncta,
380 376 659 423 praepotentes
686 373 849 424 liberti).
877 396 929 402 —-
966 373 1111 413 Cetera
1139 373 1315 422 exempla
1342 385 1443 423 quae
1471 374 1607 422 collegi

204 437 415 477 secundum
443 438 617 478 ordinem
646 438 879 488 scriptorum
914 438 1095 478 afferam:
1152 438 1200 477 H.
1230 438 1260 477 I.
1293 437 1353 485 10,
1383 438 1419 477 5.
1450 438 1512 486 8-2,
1548 439 1606 478 10.

203 501 265 549 85,
298 501 357 540 13.
388 501 451 550 90,
484 503 544 541 13.
573 503 622 541 H.
653 503 701 541 II.
731 501 767 550 5,
785 503 820 541 6.
853 503 993 550 12,10.
1024 502 1141 550 22,1.
1172 502 1235 549 33,
1252 502 1287 540 3.
1319 502 1381 549 39,
1397 503 1434 541 4.
1463 502 1606 549 41,14.

205 565 271 613 45,
306 566 365 605 12.
396 566 459 614 62,
488 565 524 604 4.
556 566 618 614 64,
649 567 683 603 7.
716 565 778 613 74,
807 566 843 604 4.
874 566 937 613 87,
968 566 1003 605 6.
1035 566 1097 613 88,
1131 568 1165 605 1.
1195 566 1311 613 92,7.
1343 567 1406 613 98,
1426 567 1461 605 7.
1491 566 1553 613 99,
1569 567 1607 605 4.

203 628 251 667 H.
268 628 337 668 111.
353 631 390 678 4,
409 631 444 670 1.
468 631 527 678 10,
547 630 608 669 14.
627 630 687 677 12,
708 630 741 669 1.
763 629 821 677 15,
840 630 874 669 5.
893 630 955 677 22,
975 630 1034 669 12.
1053 630 1116 678 22,
1143 630 1201 669 12.
1219 631 1282 677 29,
1304 632 1336 668 1.
1356 630 1418 677 30,
1442 631 1472 668 1.
1492 630 1554 677 65,
1571 631 1607 668 8.

207 693 269 741 67,
304 694 336 733 1.
366 693 429 741 67,
459 694 495 732 9.
526 693 588 741 68,
623 695 657 733 1.
687 694 749 742 71,
780 695 816 733 6.
848 695 910 742 71,
947 694 1005 734 12.
1034 693 1097 742 83,
1115 695 1151 733 6.
1181 694 1228 733 H.
1247 694 1311 733 IV.
1345 695 1435 742 1,3.
1465 694 1608 742 27,13.

201 757 265 805 29,
297 758 331 797 1.
362 757 425 806 30,
456 757 489 796 2.
519 758 581 798 31.
611 759 648 797 4.
678 759 741 806 38,
771 759 806 797 4.
839 758 902 805 51,
931 758 967 797 5.
998 758 1060 806 72,
1094 759 1152 797 13.
1188 759 1246 797 11.
1280 759 1339 797 15.
1384 780 1437 785 —
1482 758 1609 797 Minor

199 831 385 861 numerus
426 820 691 874 exemplorum
733 833 781 861 ex
822 822 1025 871 annalibus
1065 822 1140 862 huc
1181 823 1373 872 pertinet:
1416 822 1447 862 I.
1477 823 1513 871 3,
1544 822 1608 862 25.

202 885 263 934 11,
293 886 329 925 8.
363 886 422 934 14,
453 886 487 925 1.
517 877 581 935 33,
611 886 646 925 3.
677 886 740 934 36,
771 886 808 924 6.
852 885 904 926 11.
935 886 970 935 2,
1005 888 1064 927 13.
1108 887 1287 937 (Ignotae
1330 886 1487 927 Parthis
1529 887 1608 926 vir-

199 950 337 1000 tutes),
379 951 428 990 ad
457 962 573 1000 quem
608 952 733 991 locum
772 952 820 992 de
849 952 1134 992 constructione
1161 953 1387 1002 Draegerus
1424 955 1465 992 et
1492 952 1606 1001 Nipp.

199 1014 422 1054 conferendi
451 1018 552 1055 sunt.
613 1014 663 1055 11.
694 1016 757 1064 20,
791 1018 824 1057 1.
855 1017 918 1064 69,
948 1017 984 1055 3.
1017 1015 1089 1054 III.
1119 1015 1155 1063 4,
1189 1018 1223 1055 1.
1256 1015 1320 1055 1V.
1340 1017 1376 1064 6,
1397 1017 1458 1056 20.
1494 1016 1553 1064 18,
1573 1017 1606 1054 1.

198 1080 262 1129 34,
291 1080 329 1120 5.
360 1081 423 1128 60,
453 1081 489 1120 9.
520 1081 583 1128 67,
613 1081 650 1120 8.
678 1102 732 1108 —
760 1080 793 1119 A
819 1079 886 1119 VI.
920 1081 979 1129 16,
995 1081 1033 1120 4.
1066 1080 1178 1128 17,5.
1210 1081 1356 1128 36,10.
1385 1078 1454 1118 XI.
1474 1080 1538 1127 35,
1573 1080 1606 1118 1.

199 1142 290 1183 XII.
322 1143 385 1192 37,
417 1145 479 1184 14.
508 1145 571 1193 43,
602 1145 639 1184 5.
682 1143 794 1183 XIII.
824 1145 898 1193 45,
931 1146 990 1185 10.
1033 1143 1138 1184 XIV.
1178 1144 1249 1192 40,
1289 1145 1312 1183 8
1383 1143 1608 1194 (Marcellus

197 1207 332 1247 Asinio
359 1207 533 1247 Pollione
570 1220 715 1258 proavo
753 1209 879 1248 clarus
918 1220 1045 1259 neque
1082 1220 1234 1248 morum
1267 1208 1510 1257 spernendus
1538 1207 1606 1247 ha-

198 1271 394 1321 bebatur),
424 1272 608 1321 ibiNipp.
639 1276 727 1321 post
740 1273 927 1312 ·>›clarus«
951 1279 1035 1311 erat
1054 1273 1246 1322 adposuit,
1277 1273 1345 1312 sed
1362 1284 1438 1311 non
1458 1272 1609 1321 recepit

201 1336 379 1386 Draeger
424 1340 465 1376 et
511 1336 699 1376 refutavit
754 1336 835 1377 Ioh.
884 1338 1050 1377 Mueller
1095 1338 1234 1388 (Beitr.
1277 1336 1325 1375 H.
1373 1335 1424 1376 11.
1473 1348 1510 1385 p.
1556 1336 1607 1375 39

203 1400 352 1451 adnot.)
399 1400 482 1439 XV.
521 1401 557 1449 5,
590 1401 650 1440 10.
696 1403 731 1450 6,
771 1403 806 1441 7.
845 1402 908 1450 37,
948 1402 982 1442 7.
1023 1402 1086 1450 37,
1124 1403 1185 1442 12.
1229 1399 1333 1440 XVI.
1375 1401 1435 1448 13,
1475 1402 1511 1439 7.
1556 1423 1609 1427 —

199 1465 338 1504 Paucis
366 1466 632 1505 tantummodo
660 1466 754 1505 locis
782 1467 969 1516 suspicari
1011 1467 1098 1517 quis
1127 1466 1251 1516 possit
1291 1465 1398 1514 leges
1439 1465 1607 1515 ponendi

199 1541 318 1578 supra
358 1529 532 1578 prolatas
574 1542 598 1569 a
625 1530 757 1569 Tacito
799 1531 999 1581 neglectas
1037 1542 1134 1570 esse.
1193 1529 1332 1580 Itaque
1368 1534 1457 1579 post
1484 1530 1606 1580 parti-

199 1593 324 1633 culam
359 1594 431 1631 sed
466 1594 604 1643 copula
642 1595 783 1634 omissa
816 1598 877 1634 est
915 1595 962 1634 H.
994 1594 1024 1633 I.
1054 1596 1091 1643 4,
1122 1596 1146 1634 9
1189 1594 1275 1644 (sed
1315 1597 1449 1642 patres
1491 1592 1604 1646 laeti)

197 1657 267 1696 sed
294 1657 350 1696 ibi
384 1660 466 1696 toto
506 1658 709 1697 decurtato
747 1659 983 1696 narrationis
1023 1658 1159 1696 habitu
1202 1659 1355 1697 omissio
1399 1662 1607 1697 excusatur

201 1721 250 1760 H.
281 1719 312 1760 I.
342 1721 405 1769 55,
435 1722 459 1761 6
506 1721 689 1771 (primani
731 1721 987 1771 quintanique
1029 1721 1176 1761 turbidi
1204 1721 1318 1771 adeo)
1362 1721 1416 1760 ibi
1442 1724 1607 1771 propter

198 1785 434 1825 antecedens
463 1787 589 1825 inerat
617 1783 817 1838 εὐφωνίας
844 1796 960 1825 causa
988 1785 1125 1835 copula
1144 1785 1403 1825 desideratur.
1458 1785 1607 1824 Eadem

199 1852 261 1889 est
288 1850 458 1890 condicio
488 1851 532 1890 A.
563 1849 629 1890 IV.
660 1851 723 1899 60,
754 1851 775 1889 7
808 1850 1022 1900 (enimvero
1051 1849 1228 1888 Tiberius
1265 1852 1400 1888 torvus
1428 1850 1496 1899 —)
1539 1849 1606 1890 ubi

199 1915 363 1953 aderant
390 1915 599 1955 antecedit.
630 1916 678 1954 H.
709 1914 763 1953 Il.
793 1916 855 1963 74,
885 1916 909 1954 2
954 1914 1080 1964 (miles
1109 1914 1183 1963 ipsi
1210 1914 1308 1953 adeo
1336 1917 1518 1963 paratus,
1562 1918 1607 1954 ut

198 1978 411 2028 audierint)
440 1990 567 2028 neque
606 1985 692 2017 erat
728 1980 892 2028 propter
919 1980 1114 2016 audierint
1150 1989 1277 2027 neque
1307 1978 1469 2026 propter
1496 1979 1607 2016 miles

200 2048 311 2080 erant
337 2042 437 2082 bene
466 2043 558 2092 poni
586 2044 726 2092 potuit.
783 2042 830 2081 ln
858 2043 1035 2081 oratione
1066 2041 1202 2090 copula
1230 2041 1371 2080 omissa
1391 2043 1452 2079 est
1471 2040 1520 2079 H.
1539 2040 1605 2079 IV.

198 2107 263 2154 42,
296 2107 343 2146 16
390 2106 577 2156 (110111111111
605 2118 727 2156 capax
754 2107 944 2147 honorum
981 2104 1119 2157 aetas),
1163 2105 1201 2144 id
1230 2105 1331 2155 quod
1372 2117 1448 2144 non
1488 2116 1607 2155 saepe

198 2169 340 2209 evenit.
397 2169 526 2210 Semel
571 2172 817 2211 enuntiatum
858 2183 998 2210 novam
1048 2169 1233 2209 orationis
1274 2170 1430 2218 partem
1471 2169 1607 2219 incipit

198 2245 327 2283 neque
356 2235 494 2283 copula
523 2238 652 2274 exstat
680 2236 726 2275 A.
755 2234 822 2275 VI.
855 2236 916 2283 10,
950 2237 968 2274 1
1014 2235 1090 2284 (Ne
1132 2233 1297 2272 feminae
1341 2233 1497 2281 quidem
1540 2245 1606 2273 ex—

198 2301 326 2339 sortes
355 2298 549 2350 periculi).
578 2322 630 2327 —
670 2299 764 2338 Eius
807 2298 1023 2338 omissionis
1064 2309 1112 2337 ex
1153 2297 1314 2347 reliquis
1353 2297 1606 2347 scriptoribus

200 2374 238 2411 p.
272 2364 317 2402 17
348 2364 526 2412 exempla
554 2365 669 2403 attuli
698 2365 779 2402 Liv.
810 2364 914 2402 XXI.
944 2364 980 2411 4,
1011 2365 1046 2402 6.
1075 2364 1112 2409 4,
1144 2363 1178 2401 8.
1236 2362 1326 2401 Sall.
1358 2362 1472 2401 Catil.
1501 2364 1538 2411 5,
1568 2365 1604 2403 3.

120 2436 126 2438 ’
199 2426 264 2475 25,
294 2426 331 2466 5.
378 2428 709 2477 Levissimamque
739 2438 825 2466 eam
854 2426 1100 2466 omissionem
1128 2426 1347 2475 legentibus
1382 2425 1500 2466 fuisse
1529 2427 1605 2467 iam

199 2502 247 2531 ex
274 2502 348 2530 usu
374 2490 571 2542 frequenti
608 2492 747 2532 elucet.
