1804 2909
778 176 831 180 -
888 154 936 192 51
994 174 1046 180 .-

213 257 363 314 ifflie'at
389 269 490 308 quae
517 256 641 299 forma
677 258 893 308 supplenda
919 257 984 306 sit,
1022 267 1260 307 quamquam
1296 267 1384 295 eam
1422 256 1618 305 interpre-

170 361 174 364 ,
198 312 417 372 utationem,
447 333 563 373 quam
590 322 720 362 Haase
748 322 827 371 dat,
866 332 944 361 non
979 330 1135 369 semper
1173 318 1351 359 sufficere
1389 321 1431 358 et
1464 319 1619 369 saepius

217 397 354 428 veram
380 386 624 428 omissionem
652 386 900 427 statuendam
928 397 1015 426 esse
1044 396 1093 425 ex
1122 384 1299 434 singulis.
1317 384 1411 424 locis
1439 386 1618 434 apparet,

130 474 132 476 v
190 460 314 501 <quos
341 449 414 490 hoc
450 449 533 491 fere
570 450 683 489 modo
720 450 898 499 dispono:
929 448 1207 488 Coniunctivus
1245 448 1357 487 deest
1390 448 1430 486 in
1457 448 1619 496 apodosi

186 513 190 515 ’
216 513 410 554 enuntiati
451 513 722 554 condicionalis
757 512 852 554 Hor.
894 515 984 552 satt.
1022 512 1072 551 H.
1107 512 1144 560 3,
1184 510 1249 552 55.
1286 511 1369 552 Liv.
1407 510 1543 551 XLIV.
1580 512 1619 551 4.

215 577 309 618 San.
338 576 427 627 Jug.
456 578 520 625 53,
551 578 587 617 7.
631 576 709 616 Cic.
737 576 822 615 har.
851 587 953 625 resp.
985 577 1022 624 8,
1057 577 1116 623 17,
1153 575 1193 613 in
1221 575 1424 614 enuntiato
1452 575 1618 614 relativo

215 642 298 684 Liv.
328 641 441 683 xx11.
471 641 537 691 31,
570 642 628 681 11.
658 641 769 680 xxu.
799 639 864 689 44,
903 641 939 689 7,
968 640 1009 680 in
1037 652 1098 680 en.
1128 639 1271 679 modali
1301 642 1402 689 ‚post
1430 644 1620 690 tamquam

215 705 300 745 Liv.
329 705 393 745 IV.
421 705 486 753 53,
514 706 555 743 in
583 710 650 744 en⁰
683 705 890 753 temporali
917 705 1002 744 Liv.
1032 705 1130 744 XXI.
1163 705 1222 752 15,
1252 704 1289 752 3,
1325 705 1366 743 in
1403 704 1618 752 enuntiato,

217 769 321 820 quod
361 768 605 809 voluntatem
633 767 838 819 significat,
878 767 954 808 Cic
995 768 1054 828 adv
1082 768 1163 810 Att.
1194 769 1239 809 ΙΙ.
1269 768 1306 817 5,
1336 769 1373 809 2.
1429 767 1506 808 Sed
1543 768 1621 808 iam
1650 760 1652 763 ’

216 834 393 874 Tacitum
420 834 680 884 inquiramus!
711 856 762 861 —

729 953 762 984 2.
807 951 864 983 De
886 958 960 982 usu
984 950 1115 983 Taciti.

324 1027 384 1066 De
428 1026 673 1066 ommissione
720 1025 953 1066 coniunctivi
999 1038 1034 1065 v.
1077 1026 1195 1066 substi
1243 1027 1418 1067 Tacitina
1459 1030 1620 1077 praeter

180 1103 181 1106 ¹
218 1090 465 1131 Waltherum
502 1094 544 1131 et
570 1089 863 1131 Boetticherum
899 1101 947 1130 ex
983 1090 1268 1131 recentioribus
1306 1084 1451 1141 optime
1489 1091 1620 1141 dispu-

220 1155 321 1195 tavit
357 1155 650 1205 Nipperdeyus,
689 1166 805 1205 quem
842 1155 966 1194 secuti
992 1154 1177 1195 videntur
1215 1167 1301 1195 esse
1338 1155 1539 1195 Storchius
1579 1158 1622 1195 et

218 1218 464 1269 Schmidtius.
548 1219 604 1259 Ac
645 1219 917 1269 Nipperdeyus
959 1219 1116 1269 quidem
1157 1230 1244 1259 eam
1285 1218 1531 1259 omissionem
1572 1220 1622 1259 ad

217 1284 253 1324 A
304 1284 331 1323 l.
373 1283 395 1323 7
432 1282 538 1324 hisce
574 1283 725 1334 legibus
754 1283 956 1325 concludit.
1016 1285 1050 1323 1.
1088 1283 1198 1323 Alius
1235 1283 1512 1332 coniunctivus,
1555 1283 1622 1334 qui

222 1347 361 1388 eodem
388 1347 500 1387 modo
529 1359 605 1398 quo
634 1347 872 1398 supplendus
901 1348 1128 1388 subiunctus
1156 1351 1229 1397 est,
1268 1348 1392 1396 adest,
1429 1351 1475 1387 ut
1502 1348 1547 1387 A.
1575 1348 1620 1389 11.

218 1413 254 1453 9.
284 1411 347 1453 35.
386 1411 450 1451 65.
488 1412 548 1452 lV.
579 1412 642 1452 22.
677 1412 739 1453 VI.
769 1413 833 1454 35.
863 1413 927 1454 37.
967 1413 1047 1453 XV.
1086 1414 1150 1453 27.
1206 1413 1255 1452 H.
1284 1413 1312 1453 1.
1352 1413 1416 1453 21.
1453 1413 1516 1452 IV.
1556 1412 1618 1454 34.

221 1476 269 1515 G.
300 1476 360 1515 19.
418 1475 527 1514 Addo
566 1479 710 1524 autem,
749 1477 821 1515 sub
857 1477 930 1516 hoc
966 1488 1127 1516 numero
1163 1478 1292 1516 omnia
1329 1478 1534 1516 enuntiata
1561 1488 1622 1516 se-

218 1539 403 1580 cundaria
416 1542 576 1590 praeter
590 1540 936 1590 interrogationem
953 1540 1183 1581 indirectam
1202 1544 1242 1580 et
1257 1540 1435 1580 euntiata
1450 1540 1623 1579 modalia

215 1616 289 1653 per
330 1610 519 1653 tamquam
557 1608 599 1643 et
641 1606 869 1653 temporalia
923 1616 996 1653 per
1039 1606 1125 1642 dum
1166 1605 1390 1644 introducta
1431 1605 1620 1653 intellegi.

218 1668 476 1718 Exceptiones
505 1667 606 1708 solas
635 1672 791 1709 exstare
820 1669 866 1707 A.
897 1669 924 1707 1.
954 1668 990 1716 7,
1030 1667 1055 1707 3
1083 1668 1123 1708 in
1161 1668 1365 1708 enuntiato
1402 1666 1508 1708 finali
1547 1680 1622 1717 „ne

217 1733 314 1773 laeti
341 1744 501 1772 excessu
527 1734 711 1783 principis
748 1745 824 1773 neu
852 1734 1048 1774 tristiores
1076 1735 1314 1783 primordio“
1356 1738 1398 1774 et
1435 1733 1483 1773 H.
1513 1735 1529 1772 l
1570 1735 1622 1774 85

219 1798 285 1848 (ne
334 1800 538 1837 contumax
587 1797 784 1837 silentium
797 1829 806 1847 ,
848 1809 897 1837 ne
939 1801 1121 1848 suspecta
1167 1797 1359 1850 libertas).
1400 1820 1453 1825 —
1495 1798 1532 1837 2.
1578 1797 1624 1837 In

218 1861 448 1911 quaestione
477 1861 667 1902 indirecta
704 1866 746 1902 et
780 1863 821 1901 in
849 1862 1131 1903 exclamatione
1170 1863 1289 1903 etiam
1327 1862 1398 1902 sub
1436 1861 1553 1902 finem
1581 1866 1623 1903 et

218 1925 258 1964 in
286 1925 413 1965 medio
440 1925 592 1975 periodi
620 1926 757 1976 copula
776 1926 993 1966 desiderari
1021 1930 1164 1977 potest,
1194 1927 1232 1966 id
1261 1930 1334 1975 est,
1364 1927 1404 1965 in
1431 1926 1479 1966 iis
1500 1937 1623 1966 enun-

219 1988 328 2028 tiatis
377 1988 477 2028 alius
530 1989 795 2029 coniunctivus
837 1990 1011 2030 eiusdem
1059 2002 1135 2040 quo
1183 1991 1420 2041 supplendus
1465 1991 1623 2040 generis

219 2063 341 2103 prope
370 2056 526 2094 exstare
554 2065 631 2094 non
658 2053 796 2094 debet:
852 2054 899 2094 A.
927 2054 954 2093 1.
987 2055 1047 2096 11.
1081 2055 1141 2096 16.
1178 2056 1243 2095 48.
1282 2056 1327 2095 11.
1356 2054 1418 2095 14.
1456 2055 1521 2096 36.
1559 2056 1622 2096 63.

221 2119 283 2158 76.
322 2120 383 2159 111.
420 2120 484 2159 40.
523 2119 589 2159 45.
631 2121 695 2159 52.
724 2120 774 2159 H.
813 2120 873 2158 111.
915 2120 979 2159 56.
1008 2142 1060 2147 —
1089 2119 1124 2158 3.
1165 2120 1313 2159 Eadem
1350 2120 1509 2159 licentia
1535 2124 1625 2170 post

199 2188 407 2233 umquam
444 2186 486 2223 et
523 2184 621 2232 dum,
659 2183 692 2223 si
729 2183 768 2222 in
805 2184 982 2222 oratione
1023 2183 1178 2234 obliqua
1218 2186 1386 2231 exstant,
1425 2184 1624 2224 invenitur

221 2246 268 2287 G.
297 2247 361 2288 39.
417 2247 464 2287 A.
493 2247 553 2285 Vl.
583 2247 647 2287 26.
702 2247 785 2297 Ego
821 2247 860 2286 in
890 2247 1116 2288 collectione
1153 2259 1241 2287 mea
1267 2247 1519 2297 Nipperdeyo
1547 2259 1624 2287 non

220 2323 313 2351 usus
341 2322 437 2360 sum,
481 2323 553 2351 nec
588 2314 683 2361 puto
722 2322 811 2351 eum
848 2312 977 2351 omnia
1005 2313 1183 2362 exempla
1209 2312 1398 2360 Tacitina,
1436 2324 1537 2362 quae
1575 2313 1625 2351 ad

222 2377 466 2418 omissionem
506 2377 737 2417 coniunctivi
770 2378 982 2427 pertinent,
1012 2376 1156 2418 afferre
1193 2377 1233 2416 in
1272 2377 1401 2417 animo
1428 2376 1623 2426 habuisse,

221 2452 322 2491 quae
350 2452 422 2491 ego
445 2452 531 2480 cum
553 2440 723 2490 fecerim,
751 2440 844 2491 quid
871 2442 920 2482 de
934 2441 1172 2491 Nipperdeyi
1200 2441 1351 2490 legibus
1377 2441 1623 2481 iudicandum

221 2506 284 2555 sit,
313 2505 427 2546 infra·
442 2506 668 2547 videbimus.
697 2506 957 2558 Nunc-autem
985 2506 1083 2547 addo
1099 2505 1332 2557 Storchium,
1361 2506 1428 2556 qui
1455 2506 1623 2557 Nipper-

1707 2734 1804 2909 Α
