1804 2909
783 129 1052 168 -56-

880 322 942 362 V.

739 437 1092 485 CONCLUSIO.

320 556 564 597 Coniunctivi
601 568 674 595 usu
716 556 894 596 absoluto
931 556 1010 595 iam
1047 556 1097 595 ad
1132 553 1249 595 finem
1276 555 1361 595 eius
1389 556 1519 606 operis
1545 555 1630 596 mei'

211 621 337 671 partis
365 621 477 670 veni,
521 621 562 661 in
603 632 681 671 qua
719 621 768 661 de
805 620 985 661 terminis
1027 623 1146 672 atque
1173 619 1314 661 finibus
1342 620 1559 661 omissionis
1585 632 1622 661 v.

211 685 331 725 subst'
365 686 497 725 dicere
526 685 566 724 in
595 686 723 725 animo
751 685 847 725 mihi
875 689 974 725 erat.
1031 684 1251 725 Secundum
1268 685 1470 725 consilium
1491 680 1625 727 autem

215 760 346 788 meum
375 749 423 788 de
453 760 527 798 quo
556 760 619 798 pg.
648 749 674 788 2
702 749 793 797 dixi,
824 749 857 788 si
885 760 987 788 nunc
1014 749 1054 788 id
1082 747 1271 798 perficere
1299 748 1464 797 vellem,
1493 748 1623 788 dicen-

212 812 307 852 dum
335 813 514 862 protinus
542 815 666 861 esset,
709 812 758 852 de
797 813 971 860 ratione,
1015 824 1092 862 qua
1131 812 1287 852 Tacitus
1329 812 1507 861 singulis.
1530 811 1625 852 locis

210 876 371 917 licentia
412 877 630 917 omissionis
673 880 865 928 usurpata
905 877 946 915 in
987 876 1214 916 narratione
1250 876 1457 930 ‘variarum'
1490 872 1646 916 rerum'
1676 917 1684 926 „

210 953 304 981 usus
345 945 418 980 est.
490 942 600 988 Quod
642 942 675 981 si
716 953 818 981 nunc
867 941 1007 980 latiore
1058 952 1238 980 sermone
1279 940 1624 989 demonstrandum

212 1006 474 1055 susciperem,
517 1006 637 1046 timeo
672 1017 722 1046 ne
762 1007 920 1047 modum
947 1004 1038 1045 huic
1066 1005 1212 1056 scripto
1239 1005 1483 1056 propositum
1510 1003 1642 1045 valde'

210 1071 454 1111 excederem.
512 1071 597 1117 Qua
626 1082 670 1110 re
700 1072 797 1111 satis
825 1072 898 1119 sit,
930 1072 1129 1111 variorum
1156 1072 1394 1110 narrationis
1421 1082 1623 1120 generum,

211 1145 379 1183 quorum
420 1134 499 1172 iam
527 1145 645 1183 saepe
674 1135 914 1174 mentionem
950 1134 1044 1183 feci,
1088 1135 1267 1184 exempla
1307 1145 1432 1185 pauca
1468 1133 1624 1174 afferre.

210 1198 311 1237 Nam
327 1209 413 1237 cum
427 1199 679 1248 contemplati
694 1199 814 1239 simus
829 1199 965 1247 adhuc,
983 1202 1027 1239 ut
1043 1193 1251 1239 anatomici
1262 1200 1339 1238 viri
1354 1199 1526 1248 singulas
1541 1209 1626 1238 cor-

209 1263 319 1312 poris
347 1262 507 1301 humani
534 1266 670 1312 partes
685 1294 694 1312 ,
737 1264 942 1303 enuntiata
979 1264 1131 1313 singula
1158 1275 1207 1304 ex
1234 1275 1383 1304 conexu
1411 1263 1626 1304 sententia-

209 1337 298 1365 rum
325 1326 472 1374 recisa,
503 1338 678 1366 summae
707 1331 769 1366 est
796 1328 1000 1377 utilitatis,
1044 1340 1114 1368 nos
1142 1332 1269 1368 totum
1296 1328 1535 1367 narrationis
1562 1338 1625 1366 co·
1662 1333 1664 1335 '

212 1391 336 1431 lorem
351 1394 471 1441 atque
487 1391 664 1431 habitum
680 1396 873 1442 quatenus
889 1393 1096 1433 omissione
1110 1392 1308 1443 frequenti
1324 1392 1434 1432 verbi
1449 1392 1629 1432 substan·
1742 1377 1771 1451 J

211 1455 282 1495 tivi
318 1455 510 1495 formatus
539 1460 611 1504 est,
641 1458 860 1497 accuratius
881 1458 1084 1506 inspicere.
1141 1457 1218 1496 Ubi
1246 1457 1350 1496 enim
1364 1457 1521 1496 Tacitus
1538 1466 1629 1506 suas

212 1519 338 1568 ipsius
359 1520 629 1569 cogitationes,
659 1521 740 1560 sive
759 1522 809 1560 ad
829 1533 958 1561 mores
978 1522 1180 1560 universos
1201 1520 1284 1559 sive
1302 1520 1351 1559 ad
1371 1531 1465 1559 suae
1483 1520 1627 1560 aetatis
1691 1545 1700 1567 ,2

215 1594 347 1623 mores
362 1587 554 1632 spectant,
576 1585 747 1634 exponit,
772 1585 975 1625 verbosior
990 1596 1076 1625 esse
1092 1588 1182 1624 etv.
1199 1584 1354 1623 subst¹¹¹¹¹
1368 1584 1496 1622 minus
1510 1594 1639 1633 saepe
1681 1604 1692 1627 v·

209 1648 391 1688 omittere
415 1648 527 1688 solet.
557 1649 695 1699 Itaque
711 1649 877 1699 exempli
899 1649 1027 1698 gratia
1046 1648 1086 1687 in
1107 1647 1313 1697 Agricolae
1332 1647 1468 1696 primis
1488 1647 1626 1697 capiti·
1669 1661 1696 1696 π,

211 1711 295 1761 bus,
318 1712 383 1751 ubi
405 1712 576 1752 condicio
596 1724 730 1753 rerum
751 1714 965 1763 scriptoris,
982 1713 1107 1764 qualis
1128 1712 1199 1752 sub
1221 1711 1455 1752 Caesaribus
1475 1712 1538 1761 sit,
1557 1722 1624 1752 ex·
1684 1732 1703 1767 ⁷42

208 1775 388 1824 ponitur,
432 1776 496 1814 vix
524 1777 646 1816 semel
674 1789 710 1816 v.
740 1777 897 1817 substum
926 1778 1109 1817 omissum
1146 1776 1304 1815 videtur
1341 1787 1440 1815 esse.
1486 1797 1536 1803 —
1578 1776 1625 1815 In
1714 1774 1737 1839 j-

208 1838 373 1888 simplici
414 1838 602 1879 historica
641 1842 869 1881 narratione
906 1842 1063 1881 Tacitus
1105 1841 1335 1890 plerumque
1376 1839 1508 1879 brevis
1549 1835 1636 1879 est!
1681 1852 1765 1875 ὲ»

208 1902 286 1942 Sed
314 1902 380 1942 ubi
408 1904 510 1943 actio
538 1904 655 1953 paulo
684 1905 849 1945 vividior
867 1904 923 1954 fit,
953 1905 1114 1954 copulae
1133 1904 1287 1944 omissio
1305 1902 1623 1952 frequentissima

209 1970 272 2007 est
301 1966 364 2019 (A.
394 1968 424 2007 Ι.
457 1969 492 2008 1.
521 1969 585 2008 41.
615 1969 679 2009 49.
710 1969 773 2010 63.
803 1969 866 2009 64.
897 1969 948 2009 65
977 1967 1042 2008 fin.
1070 1968 1164 2018 Agr.
1183 1969 1244 2016 17,
1273 1968 1310 2007 2.
1340 1966 1389 2006 Η.
1405 1966 1465 2005 lV.
1485 1966 1550 2015 29,
1566 1965 1621 2018 7).

207 2031 253 2070 ln
291 2032 612 2081 ‹lescriptioribus
648 2044 802 2073 morum
837 2037 956 2083 atque
995 2037 1194 2074 terrarum
1222 2031 1361 2081 copula
1387 2031 1619 2080 plerumque

207 2097 338 2145 deest,
381 2097 448 2146 qui
484 2108 578 2136 usus
605 2097 646 2137 in
674 2101 760 2138 tota
787 2097 999 2137 Germania
1026 2101 1068 2137 et
1096 2098 1190 2146 Agr.
1225 2096 1380 2135 11-12
1407 2095 1619 2135 invenitur.

208 2162 440 2204 Orationum
467 2175 603 2214 genus,
632 2168 750 2214 prout
777 2163 940 2205 affectus
968 2167 1040 2213 est,
1070 2174 1187 2213 quem
1207 2161 1441 2211 exprimunt,
1471 2160 1622 2201 varium

206 2233 279 2268 est.
346 2230 445 2269 Nam
487 2231 520 2269 si
561 2241 703 2278 magna
743 2230 862 2269 animi
903 2229 1107 2269 commotio
1150 2227 1327 2266 oratione
1369 2225 1619 2275 significatur,

207 2294 343 2344 copula
371 2294 603 2345 plerumque
632 2295 828 2335 omittitur
857 2294 967 2345 (Agr.
1000 2293 1071 2342 15,
1101 2291 1245 2342 2—8),
1289 2293 1424 2331 contra
1461 2290 1494 2331 si
1528 2302 1619 2341 gra-

206 2359 308 2398 vitas
336 2363 455 2408 atque
484 2359 666 2408 dignitas,
710 2360 938 2399 omissiones
967 2358 1139 2397 rariores
1167 2360 1258 2396 sunt
1287 2356 1350 2406 (A.
1379 2356 1409 2396 I.
1439 2356 1503 2396 42.
1533 2356 1617 2407 58).

313 2422 500 2462 Extremo
542 2426 676 2463 autem
717 2423 800 2463 loco
837 2423 955 2464 liceat
988 2435 1089 2474 quae
1132 2434 1252 2474 opere
1289 2434 1374 2463 meo
1403 2423 1621 2463 constituta

205 2487 300 2527 mihi
329 2488 513 2527 videntur
541 2499 628 2528 esse
656 2489 789 2538 paucis
817 2492 1011 2540 repetere.
1070 2490 1105 2529 1.
1135 2489 1363 2529 Omissionis
1399 2489 1618 2541 frequentis
