1804 2909
752 127 1019 168 —1g-

172 234 381 285 temporali
409 234 438 274 I.
471 235 547 276 723
591 234 814 285 (postquam
857 235 984 283 prima
1020 233 1130 283 quies
1167 234 1312 284 epulis,
1350 222 1585 305 mensaeque
1612 212 1616 215 .

171 297 384 348 remotae).
442 298 649 347 Utcunque
687 301 820 337 autem
863 310 910 337 eo.
954 309 1018 337 res
1047 308 1088 336 se
1117 297 1248 345 habet,
1279 298 1407 337 omnia
1440 309 1488 337 ea
1514 296 1585 336 mi-

173 362 281 401 nima
308 362 493 401 videntur
521 373 608 401 esse
646 373 731 400 cum
760 360 884 400 Taciti
915 373 989 402 usu
1025 365 1263 411 comparata,
1302 362 1445 412 quippe
1482 359 1586 412 apud

174 437 293 475 quem
322 429 430 465 certe
459 437 536 464 non
564 426 690 464 minus
729 437 846 474 saepe
874 428 951 475 fuit
971 428 1100 472 (erat)
1120 425 1326 464 omittatur
1345 437 1462 474 quam
1490 438 1588 474 ene,

172 496 242 539 est,
271 496 372 538 sunt,
400 501 528 540 neque
558 490 728 530 alienum
757 490 914 530 videtur
950 502 1037 530 esse
1074 501 1210 530 rursus
1247 490 1449 539 adnotare,
1478 489 1587 529 Taci-

172 559 256 594 tum
283 556 466 604 graviore
494 555 560 594 illo
594 566 741 603 genere
779 556 997 595 omissionis
1025 566 1261 604 magnopere
1298 554 1348 593 ab
1384 565 1457 593 usu
1494 553 1587 593 reli-

173 631 340 669 quorum
369 621 604 670 scriptorum
632 619 896 659 Romanormn
924 618 1151 658 abhorrere.

868 738 905 776 2.

403 824 459 856 De
481 831 557 855 usu
580 822 762 854 Tacitino.
797 824 839 853 A.
862 822 918 854 De
941 821 1102 861 seriptis
1124 822 1343 854 minoribus.

279 908 512 958 Priusquam
540 919 625 947 rem
654 908 780 957 ipsam
802 906 1089 956 aggrediamur,
1119 918 1196 946 non
1224 918 1382 956 possum
1408 910 1588 957 praeter-

171 974 344 1021 mittere,
380 973 473 1022 quin
501 984 625 1022 pauca
668 972 716 1011 de
758 972 912 1011 ratione
951 971 1157 1020 supplendi
1194 971 1395 1010 disseram.
1451 971 1589 1022 Neque

172 1038 276 1076 enim
313 1038 353 1075 in
391 1036 633 1085 temporibus
670 1036 899 1084 praeteritis
936 1035 1161 1083 supplendis
1197 1036 1300 1074 ratio
1338 1035 1476 1074 eadem
1514 1038 1587 1082 est,

172 1111 273 1150 quae
302 1100 343 1139 in
371 1100 580 1138 indicativo
608 1100 830 1148 praesentis
858 1099 921 1138 vel
949 1100 989 1138 in
1018 1098 1219 1138 infinitivo.
1274 1099 1375 1138 Nam
1402 1110 1590 1149 praesens

174 1171 331 1216 tempus
374 1165 488 1205 facile
525 1165 790 1213 cognoscitur,
843 1168 978 1204 contra
1014 1164 1274 1214 praeteritum
1288 1196 1297 1213 ,
1335 1165 1368 1204 si
1409 1165 1593 1205 omissum

172 1235 251 1279 est,
296 1231 371 1269 alio
414 1229 535 1269 verbo
574 1228 782 1278 significari
821 1229 940 1268 debet
953 1228 1001 1280 ²¹²).
1058 1229 1233 1278 Eamque
1270 1229 1397 1278 legem
1434 1229 1591 1268 Tacitus

173 1296 213 1334 in
242 1294 419 1334 omnibus
448 1294 603 1342 scriptis
640 1297 797 1332 secutus
837 1293 993 1332 videtur
1030 1304 1129 1340 esse,
1169 1293 1417 1341 exceptiones
1455 1295 1590 1331 autem

173 1359 342 1397 maxime
371 1357 590 1405 singulares
619 1357 700 1395 suis
722 1357 815 1395 locis
834 1357 1038 1396 adnotabo.
1083 1357 1222 1396 Altera
1250 1359 1382 1395 autem
1410 1356 1589 1406 quaestio
1649 1385 1652 1388 »

174 1425 247 1469 est,
279 1421 474 1470 quodnam
503 1423 658 1469 tempus
678 1420 952 1469 praeteritum,
991 1421 1023 1460 si
1052 1421 1207 1460 omissio
1237 1424 1377 1469 exstat,
1409 1420 1589 1470 supplea-

173 1497 271 1533 mus,
302 1488 435 1523 utrum
453 1484 726 1533 imperfectum
747 1496 797 1523 an
826 1484 1043 1533 perfectum
1072 1497 1122 1524 an
1150 1484 1588 1535 plusquamperfectum.

174 1550 282 1597 Quae
318 1560 384 1588 res
411 1548 534 1588 multo
576 1547 767 1588 difficilior
808 1547 853 1588 fit
893 1549 1060 1588 maxima
1101 1550 1318 1590 variatione
1356 1552 1588 1599 temporum,

174 1627 251 1665 qua
288 1615 444 1654 Tacitus
481 1614 712 1664 plerumque
747 1626 839 1654 usus
876 1619 937 1654 est
973 1618 1015 1653 et
1043 1615 1091 1653 de
1129 1626 1206 1664 qua
1243 1615 1322 1653 iam
1362 1613 1590 1654 Boetticher

174 1680 264 1729 (lex.
295 1679 383 1718 Tac.
403 1679 577 1727 prolegg.
599 1690 635 1728 p.
652 1677 787 1730 LXX.)
805 1690 930 1728 pauca
955 1679 1140 1718 disseruit
1158 1676 1228 1730 *²¹‘).
1263 1678 1402 1727 Itaque
1422 1678 1589 1718 maxime

261 1849 293 1890 1θ)
339 1847 382 1881 cf.
408 1848 537 1888 George
560 1847 712 1880 Wichert
742 1847 851 1890 (quem
874 1858 906 1889 p.
930 1851 946 1880 7
983 1848 1171 1891 nominavi),
1214 1849 1269 1891 qui
1293 1849 1334 1883 de
1357 1851 1489 1885 ratione
1512 1861 1589 1894 sup-

175 1902 289 1944 plendi
310 1913 342 1944 p.
372 1905 382 1933 l
410 1902 496 1934 haec
519 1905 612 1934 recte
637 1901 730 1934 dicit:
777 1902 1023 1944 „Ruecksichts
1053 1902 1113 1935 der
1136 1903 1357 1945 Ergaenzung
1386 1904 1592 1946 elliptischer

174 1955 360 1989 Satztheile
394 1955 456 1988 hat
485 1964 560 1988 man
596 1955 669 1988 eine
704 1955 883 1988 zwiefache
907 1955 1140 1998 Erscheinung
1170 1966 1211 1989 zu
1234 1956 1507 2000 unterscheiden,
1540 1958 1589 1992 in·

174 2010 286 2043 sofern
317 2010 392 2042 iene
425 2008 503 2041 bald
533 2009 593 2041 mit
616 2018 810 2050 groesserer
833 2009 982 2042 Freiheit
1012 2019 1071 2042 aus
1103 2010 1177 2043 dem
1201 2011 1507 2054 Zusammenhange
1531 2013 1591 2045 der

174 2064 268 2096 Rede
291 2064 502 2104 ueberhaupt
525 2074 568 2096 zu
593 2064 794 2096 entnehmen
817 2063 878 2104 ist,
913 2063 990 2095 bald
1024 2064 1083 2096 mit
1117 2073 1311 2105 groesserer
1333 2064 1591 2099 Gebundenheit

174 2118 279 2150 durch
302 2118 355 2150 ein
379 2117 461 2150 oder
483 2118 636 2150 melu-ere
650 2117 768 2149 Worte
791 2116 824 2148 in
849 2116 909 2149 der
931 2118 1114 2150 naechsteu
1133 2118 1328 2160 Umgebung
1349 2118 1486 2160 bedingt
1498 2120 1590 2152 wird.

174 2173 211 2203 ln
233 2172 340 2203 ienem
364 2171 458 2203 Falle
481 2172 525 2203 ist
549 2181 585 2204 es
610 2171 658 2203 oft
680 2170 932 2212 gleichgueltig,
967 2170 1009 2202 ob
1034 2172 1092 2203 wir
1122 2172 1231 2205 dieses
1262 2172 1344 2204 oder
1366 2172 1460 2205 ienes
1483 2182 1589 2213 gram-

174 2224 336 2257 matisehe
361 2224 591 2265 Complement
614 2224 861 2265 hinzudenken,
886 2224 929 2256 da
952 2224 1012 2257 der
1036 2226 1115 2258 Sinn
1138 2226 1253 2258 immor
1275 2225 1429 2259 derselbe
1453 2225 1591 2259 bleiben

173 2277 296 2318 warde,
320 2278 354 2310 in
378 2277 502 2310 diesem
526 2277 599 2309 sind
623 2278 682 2309 wir
703 2277 757 2310 bei
782 2277 844 2309 der
867 2278 1038 2311 formellen
1063 2280 1284 2321 Ergaenzung
1307 2284 1391 2314 stets
1415 2281 1473 2313 auf
1493 2281 1589 2314 einen

173 2331 384 2364 bestimmten
407 2331 585 2363 Ausdruck
609 2330 847 2371 beschraenkt,
880 2330 944 2362 den
969 2342 1034 2363 uns
1057 2335 1111 2364 ein
1135 2333 1209 2365 dem
1234 2333 1443 2376 elliptischen
1467 2343 1585 2366 corre-

173 2383 426 2426 spondiremler
447 2383 714 2425 vollstaendiqer
739 2383 908 2417 Satzllzeil
927 2386 1167 2419 zmabweislicl·
1192 2387 1406 2430 ausdrinyt.“

259 2439 299 2478 ·*)
330 2437 529 2478 Exemplum
560 2438 726 2478 egregium
763 2442 874 2470 exstat
909 2439 948 2470 H.
973 2440 1030 2472 111.
1055 2443 1094 2472 73
1152 2441 1232 2483 (Sed
1262 2442 1338 2482 plus
1371 2443 1504 2483 pavoris
1527 2442 1585 2474 ob-

171 2491 273 2524 sessis
311 2501 407 2531 quam
444 2491 677 2523 obsessoribus
702 2491 824 2528 (ntulit,
861 2494 983 2534 quippe
1008 2494 1206 2527 Vitellianus
1229 2495 1323 2527 miles
1358 2505 1466 2537 neque
1511 2502 1587 2529 astu
