1804 2909
796 171 1061 213 —35-..

185 249 187 251 V
218 280 310 330 viri)
338 276 404 318 IV.
434 277 498 327 46,
527 279 590 319 23.
619 302 670 307 —
697 280 743 319 A.
773 279 823 319 ΙΙ.
852 280 916 328 34,
949 280 998 319 16
1027 279 1154 329 (isque
1182 277 1269 318 finis
1297 278 1374 329 rei)
1401 279 1452 319 II.
1481 279 1544 329 63,
1577 279 1626 320 15

220 344 340 404 (idem
368 342 496 395 casus)
525 344 555 383 Ι.
585 344 647 393 65,
677 345 740 385 22.
769 343 876 384 ΧΙΙΙ.
909 344 942 393 1,
975 344 1037 393 10,

325 409 363 448 4.
392 410 450 448 De
478 410 751 448 numeralibus.
808 410 958 457 Quater
983 410 1062 458 fuit
1089 409 1240 457 (fuere)
1268 410 1372 458 apud
1407 410 1627 450 numeralia

46 451 69 483 X*
130 468 142 473 ”
219 475 368 513 exstat:
397 473 443 512 A.
472 473 542 513 111.
571 473 635 522 43,
674 474 699 513 6
729 472 1007 524 (quadraginta
1042 472 1151 511 milia
1186 471 1314 524 fuere)
1350 473 1416 513 VI.
1445 475 1483 523 4,
1512 476 1539 514 4
1567 475 1628 525 (et

219 540 312 577 tunc
332 538 496 578 luendae
517 549 666 587 poenae
687 538 835 587 primus
854 535 946 586 fuit)
971 536 1016 575 A.
1037 536 1103 576 VI.
1128 537 1189 585 12,
1215 537 1264 576 14
1292 537 1386 587 (una
1405 550 1476 578 seu
1495 538 1628 588 plures

220 601 363 653 fuere),
393 602 515 642 semel
549 602 733 641 omissum
768 601 925 641 videtur
961 611 1047 639 esse
1075 600 1125 640 H.
1154 600 1203 639 ΙΙ.
1235 601 1297 649 95,
1331 602 1380 642 10
1417 601 1552 654 (unum
1580 602 1629 641 ad

223 666 440 715 potentiam
467 664 560 717 iter)
576 665 627 715 *),
658 664 705 704 cf.
734 676 797 714 pg.
828 665 892 704 29.

325 729 362 769 5.
394 730 451 767 De
472 729 630 767 casibus
659 728 835 778 obliqui&
865 725 911 766 cf.
940 738 977 776 p.
995 727 1059 767 29.
1107 728 1139 767 1.
1171 728 1285 778 Apud
1300 731 1511 778 genetivum
1539 731 1630 770 Ro-

220 807 315 833 mae
342 807 378 834 v.
408 805 437 833 s.
468 793 579 834 deest
606 793 656 833 H.
678 794 742 842 53,
774 794 821 833 11
853 792 1015 843 (Romae
1044 791 1141 831 nihil
1169 792 1472 845 trepidationis).
1515 795 1629 845 Apud

220 859 445 909 genetivum
480 858 734 908 possessionis
770 870 805 897 v.
844 869 873 896 s.
910 857 1092 896 omissum
1128 861 1189 897 est
1225 857 1274 897 Η.
1304 858 1335 898 Ι.
1375 860 1439 908 90,
1480 860 1501 899 7
1532 859 1631 910 (sive

220 919 341 972 ipsius
377 933 425 961 ea
457 921 705 972 moderatio),
752 922 855 972 quod
883 933 929 962 eo
972 921 1187 961 mirabilius
1216 925 1289 972 est,
1332 924 1423 973 quia
1463 936 1555 964 raro
1591 924 1631 963 in

222 987 438 1026 enuntiatis
475 986 715 1025 disiunctivis
754 986 892 1035 copula
928 986 1051 1035 deest,
1082 990 1123 1026 et
1150 987 1196 1027 A.
1218 987 1321 1027 XIV.
1355 989 1390 1037 7,
1430 990 1454 1029 8
1493 988 1632 1039 (igitur

221 1052 380 1101 longum
409 1051 613 1102 utriusque
642 1051 856 1102 silentium)
893 1051 1034 1091 Exstat
1069 1063 1105 1091 v.
1135 1062 1165 1091 S.
1194 1051 1243 1093 H.
1273 1052 1303 1091 I.
1333 1053 1396 1092 84.
1437 1054 1487 1093 10
1520 1052 1632 1104 (pau-

221 1128 354 1156 corum
383 1117 495 1166 eulpa
522 1115 625 1167 fuit).
682 1117 718 1157 2.
748 1118 806 1156 De
835 1118 978 1155 dativo.
1035 1126 1070 1154 a.
1110 1115 1207 1154 Esse
1244 1126 1275 1154 e.
1309 1116 1388 1156 dat.
1426 1128 1631 1166 personae.

222 1183 309 1221 Fuit
364 1181 520 1231 saepius
566 1182 735 1231 positum
776 1185 838 1222 est
888 1192 1005 1231 quam
1054 1179 1344 1230 imperfectum,
1389 1182 1459 1221 sed
1505 1192 1633 1233 neque

222 1247 448 1286 omissiones
475 1258 592 1286 rarae
629 1250 731 1286 sunt.
788 1247 893 1294 Quas
922 1245 1059 1285 eodem
1094 1244 1208 1284 modo
1237 1245 1442 1295 distribuo,
1480 1258 1556 1297 quo
1594 1247 1635 1285 in

220 1310 449 1360 imperfecto
477 1310 562 1350 feci.
619 1311 681 1350 Ad
708 1311 832 1351 levius
860 1311 981 1359 igitur
1017 1320 1140 1358 genus
1178 1310 1395 1349 omissionis
1433 1311 1636 1359 pertinent

221 1376 262 1414 hi
288 1376 362 1414 loci
389 1375 438 1414 H.
467 1376 517 1414 II.
548 1377 611 1424 65,
644 1377 704 1415 12.
733 1376 763 1414 Ι.
798 1376 867 1424 13,
887 1377 912 1415 2
941 1376 1031 1425 (nec
1058 1374 1185 1412 minor
1204 1375 1335 1422 gratia
1361 1374 1464 1413 Icelo
1485 1374 1634 1414 Galbae

220 1438 379 1490 liberto)
408 1439 438 1478 I.
470 1440 531 1488 76,
564 1441 624 1479 14.
656 1462 704 1467 —
733 1440 780 1480 A.
809 1439 859 1479 11.
901 1440 963 1488 72,
1003 1440 1038 1479 7.
1068 1439 1098 1478 1.
1137 1440 1201 1487 53,
1231 1440 1266 1479 5.
1297 1438 1362 1479 IV.
1394 1440 1429 1487 1,
1463 1440 1524 1479 13.
1562 1439 1631 1480 ΧΙ.

223 1503 285 1552 14,
317 1504 377 1544 12.
406 1505 473 1543 ΧΙ.
510 1504 575 1552 20,
608 1505 668 1543 11.
698 1503 800 1544 XIV.
829 1503 866 1552 5,
891 1504 950 1542 14.
972 1503 1055 1542 XV.
1086 1504 1149 1551 68,
1181 1505 1217 1551 6,
1248 1504 1296 1542 ad
1324 1504 1481 1552 gravius
1509 1515 1632 1552 genus

221 1567 270 1606 H.
299 1567 329 1606 I.
363 1568 396 1616 1,
426 1569 449 1607 8
481 1567 554 1618 (ita
580 1569 723 1606 neutro
754 1577 848 1606 cura
874 1567 1137 1617 posteritatis)
1167 1567 1196 1606 I.
1228 1568 1292 1616 88,
1323 1568 1385 1607 13.
1414 1567 1463 1606 II.
1502 1568 1563 1616 12,
1593 1568 1630 1608 6.

220 1631 270 1671 11.
305 1631 364 1680 14,
394 1632 418 1670 9
447 1631 534 1681 (nec
571 1642 682 1669 mora
708 1630 889 1680 proelio),
928 1630 978 1669 ad
1016 1641 1132 1679 quem
1169 1630 1295 1669 locum
1331 1630 1511 1670 Heraeus
1548 1632 1631 1669 ani—

224 1694 505 1733 madversionis
546 1692 758 1732 Woelfflini
794 1693 1033 1731 mentionem
1077 1692 1181 1741 facit,
1220 1704 1377 1743 semper
1412 1694 1453 1733 in
1496 1693 1632 1744 phrasi

220 1772 291 1798 nec
317 1771 426 1798 mora
453 1771 489 1798 v.
519 1758 673 1798 subst¹¹¹¹¹
701 1758 838 1798 deesse
874 1756 937 1810 (cf.
967 1770 1031 1808 pg.
1061 1759 1114 1799 34
1142 1763 1183 1799 et
1215 1759 1415 1799 Heraeum
1443 1759 1493 1799 ad
1521 1759 1571 1800 Η.
1600 1760 1630 1801 Ι.

221 1825 288 1873 59,
321 1824 361 1874 1)
390 1824 460 1863 ΠΙ.
490 1824 553 1872 62,
585 1824 633 1863 11
673 1822 838 1873 (Galbae
866 1822 1060 1873 proditor)
1091 1823 1140 1862 H.
1162 1823 1226 1871 50,
1259 1823 1279 1861 1
1310 1822 1436 1873 (origo
1464 1823 1552 1873 illi).
1580 1845 1634 1851 -

220 1887 267 1927 Α.
305 1887 375 1927 ΙΙΙ.
413 1888 477 1936 30,
515 1886 651 1928 2111.
689 1887 753 1936 40,
791 1887 828 1926 3.
868 1886 899 1925 Ι.
939 1887 1002 1937 80,
1042 1888 1079 1928 2.
1107 1887 1194 1928 XII.
1234 1887 1295 1937 14,
1336 1888 1397 1929 19.
1427 1910 1476 1918 -
1507 1887 1632 1928 Multo

221 1955 354 1991 autem
381 1952 537 2001 saepius
564 1953 642 2001 fuit
675 1952 845 2001 positum
883 1955 955 2000 est,
986 1953 1055 1992 sed
1096 1953 1258 2002 singulis
1294 1953 1399 2000 locis,
1440 1953 1632 2001 quomodo

221 2016 376 2055 Tacitus
404 2016 610 2065 generales
637 2016 744 2065 leges
763 2017 995 2065 respexerit,
1025 2016 1262 2065 investigare
1291 2015 1448 2064 longum
1476 2016 1634 2055 videtur

222 2091 322 2129 esse,
360 2092 476 2131 quam
504 2080 552 2120 ob
589 2092 674 2121 rem
702 2081 826 2121 solum
862 2081 1040 2131 exempla
1075 2081 1250 2121 breviter
1286 2080 1445 2119 adnoto:
1483 2080 1533 2120 H.
1562 2080 1632 2121 111.

221 2147 284 2194 39,
325 2147 362 2186 6.
409 2147 477 2195 84,
514 2146 552 2186 4.
592 2147 628 2195 6,
674 2147 709 2185 1.
765 2146 832 2187 IV.
873 2150 934 2197 18,
976 2149 1035 2188 18.
1065 2171 1117 2176 —-
1144 2148 1190 2187 A.
1227 2147 1258 2186 Ι.
1298 2146 1362 2194 57,
1404 2147 1464 2186 10.
1516 2146 1633 2198 (Ger—

220 2212 370 2252 manico
394 2213 562 2263 pretium
588 2213 664 2263 fuit
691 2217 921 2255 convertere
957 2213 1114 2266 agmen)
1152 2213 1202 2254 II.
1232 2213 1269 2262 3,
1302 2212 1362 2253 10.
1393 2211 1457 2262 62,
1495 2214 1532 2254 3.
1562 2212 1632 2253 ΠΙ.

220 2278 285 2327 49,
315 2279 352 2318 8.
382 2280 445 2327 66,
478 2279 539 2320 10.
569 2277 634 2318 IV.
668 2279 728 2328 11,
762 2281 822 2320 14.
852 2281 915 2320 36.
946 2280 1009 2328 31,
1041 2281 1102 2319 11.
1131 2278 1198 2317 ΧΙ.
1221 2278 1258 2326 4,
1287 2278 1325 2316 4.
1358 2279 1420 2326 14,
1453 2279 1513 2318 13.
1545 2278 1633 2317 XII.

220 2343 284 2393 51,
318 2344 350 2383 1.
380 2344 444 2393 52,
474 2344 511 2384 6.
540 2343 647 2384 ΧΙΠ.
676 2343 713 2394 3,
745 2345 806 2385 12.
845 2345 908 2396 32,
948 2345 1008 2386 10.
1038 2344 1102 2394 45,
1141 2343 1175 2383 6.
1204 2341 1307 2382 XIV.
1339 2342 1403 2392 33,
1437 2342 1497 2382 10.
1527 2341 1633 2383 XVI.

306 2499 339 2540 *)
359 2497 457 2531 Addo
479 2499 520 2532 Δ.
533 2497 590 2532 1v.
613 2499 665 2541 56,
687 2501 704 2531 7
729 2498 783 2542 (ea
804 2496 910 2541 prima
932 2494 1062 2531 concilii
1083 2493 1214 2539 forma).
1229 2494 1319 2528 -Η,
1343 2494 1386 2528 11.
1413 2496 1462 2536 ιι,
1484 2494 1503 2526 2
1527 2491 1634 2536 (fuere

222 2561 380 2601 quattuor
401 2556 573 2599 legiones).

1444 2617 1493 2651 3*
