1804 2909
757 180 807 183 ..Q
864 158 886 195 s,-
944 180 994 183 —

168 263 548 304 animadversionem
577 263 742 303 multum
778 263 874 302 lucis
912 263 1123 312 praecipue
1152 263 1202 302 ad
1232 262 1504 313 Germaniam,
1547 262 1587 303 in

169 340 247 377 qua
275 328 370 368 talia
399 328 605 368 enuntiata
632 327 950 377 frequentissima
977 330 1088 374 sunt,
1134 325 1276 367 afferre
1315 339 1433 377 quem
1459 326 1587 377 fugit?

168 391 291 431 Recte
337 394 470 431 autem
498 390 555 430 St.
600 391 772 430 ostendit
807 391 847 430 id
885 401 1009 440 genus
1037 389 1330 430 enuntiatorum
1358 390 1586 441 saepissime

168 456 208 495 in
237 456 500 506 descriptione
520 467 671 496 morum
687 458 806 505 atque
821 456 1092 495 institutorum
1109 452 1172 505 (cf.
1188 466 1225 504 p.
1245 455 1268 495 3
1285 455 1388 506 sqq.)
1404 456 1585 497 inveniri.

168 521 315 561 Tamen
344 532 430 561 esse
458 520 565 560 hisce
593 519 687 559 locis
716 520 965 559 omissionem
992 519 1187 561 immerito
1215 523 1345 570 negat,
1375 519 1587 561 secundum

167 586 464 636 grammaticam
492 589 554 626 est
596 584 752 625 omissio
765 616 774 633 ,
819 584 889 624 sed
931 596 1125 626 connexus
1169 585 1455 626 sententiarum
1499 597 1587 626 eam

167 650 405 690 levissimam
432 649 538 689 facit.
594 649 720 696 Quem
747 648 923 688 libellum
940 648 1109 689 Storchii
1136 662 1214 689 non
1232 650 1458 699 pernovisse
1478 650 1585 691 vide—

169 719 236 755 tur
263 714 361 754 Rob.
391 713 576 754 Schmidt.
632 713 671 752 Is
713 713 816 753 enim
858 713 906 753 de
945 713 1065 754 verbo
1094 714 1338 755 substantivo
1379 726 1417 765 p.
1447 715 1473 755 5
1500 726 1584 766 sqq.

167 779 372 828 disputans
401 778 456 817 sic
483 777 688 817 materiem
717 777 935 825 distribuit,
968 781 1012 817 ut
1039 779 1163 827 primo
1190 779 1273 818 loco
1294 779 1342 818 de
1362 778 1584 827 indicativo,

169 842 339 883 secundo
368 842 416 882 de
445 841 700 889 coniunctivo,
731 841 850 880 tertio
879 840 928 880 de
956 839 1145 881 infinitivo
1174 842 1335 892 diceret,
1365 842 1468 893 quod
1488 842 1584 883 divi-

170 906 287 947 dendi
328 906 581 955 principium,
630 905 664 944 si
705 908 842 945 nostra
881 906 1046 945 interest
1088 897 1344 955 singularum
1371 905 1585 947 formarum

167 983 282 1012 usum
310 973 491 1011 accurate
520 980 767 1020 pernoscere,
802 969 917 1019 longe
947 970 1136 1019 optimum
1163 971 1320 1011 videtur
1348 982 1446 1011 esse.
1501 971 1584 1016 Du—

170 1036 291 1077 bitari
319 1036 426 1076 enim
452 1047 530 1075 non
558 1037 706 1084 potest,
750 1034 844 1084 quin
887 1035 1128 1084 singularum
1164 1048 1199 1075 v.
1228 1034 1462 1075 substantivi
1503 1034 1582 1076 for-

171 1112 324 1141 marum
344 1100 483 1148 altera,
514 1110 630 1149 quam
648 1099 775 1138 altera
794 1097 946 1138 facilius
966 1099 1183 1147 omittatur,
1201 1098 1413 1139 infinitivus
1432 1098 1584 1140 facilius

167 1177 285 1216 quam
325 1163 558 1204 indicativus
600 1163 842 1213 praesentis,
895 1163 1127 1203 indicativus
1168 1164 1390 1214 praesentis
1431 1163 1583 1205 facilius

168 1241 286 1281 quam
313 1228 598 1279 praeteritum,
641 1228 902 1277 praeteritum
936 1239 1052 1277 quam
1089 1228 1366 1268 coniunctivus.
1426 1229 1511 1277 Qua
1537 1240 1582 1269 re

167 1306 254 1335 cum
290 1305 378 1334 eam
412 1292 610 1333 dividendi
638 1292 831 1332 rationem
869 1303 892 1331 a
920 1291 1132 1332 Schmidtio
1170 1293 1418 1343 recepissem,
1448 1296 1582 1334 tamen

167 1360 205 1400 ei
233 1358 520 1399 dissertationis
549 1356 752 1396 Schmidtii
780 1357 885 1406 parti
912 1356 1001 1406 plus
1030 1368 1147 1406 quam
1175 1357 1359 1407 egregiae
1388 1357 1582 1398 collectio-

168 1424 228 1463 nis
263 1422 422 1463 laudem
463 1421 666 1471 impertire
708 1421 772 1459 vix
814 1432 993 1470 possum,
1036 1421 1152 1459 immo
1194 1421 1344 1462 accedit
1380 1422 1483 1472 quod
1510 1422 1585 1462 loci

169 1498 288 1536 saepe
318 1486 415 1526 adeo
453 1485 561 1524 nulla
589 1485 791 1534 diligentia
828 1484 1023 1534 designati
1060 1488 1167 1533 sunt,
1211 1488 1256 1525 ut
1296 1495 1487 1536 persaepe
1518 1498 1585 1526 eos

173 1552 414 1602 investigare
443 1550 711 1591 difficillimum
739 1549 800 1588 sit.
857 1547 1055 1588 Summam
1083 1553 1216 1589 autem
1245 1550 1585 1607 curamlexemplis

170 1617 407 1657 coniunctivi
435 1615 621 1655 tribuisse
650 1613 885 1653 Schmidtius
912 1613 1079 1653 videtur.

281 1681 391 1721 Haec
417 1679 537 1719 habui
565 1679 614 1718 de
641 1678 815 1718 virorum
843 1678 1044 1718 doctorum
1072 1679 1227 1728 scriptis
1266 1690 1366 1729 quae
1405 1679 1588 1719 dicerem.

171 1746 307 1787 Solum
336 1747 470 1785 autem
505 1744 553 1784 de
594 1742 795 1793 principiis
824 1753 960 1782 eorum
997 1742 1070 1782 hoc
1106 1743 1190 1782 loco
1228 1743 1401 1783 iudicare
1434 1743 1475 1783 in
1501 1754 1588 1784 rem

170 1822 258 1851 esse
296 1810 441 1857 censui,
484 1820 572 1848 cum
608 1807 761 1856 singula
797 1807 847 1846 ad
896 1810 1100 1855 posterum
1136 1810 1290 1857 tempus
1326 1819 1586 1849 reservarem.

170 1876 284 1915 Nunc
311 1875 446 1925 paucis
474 1885 552 1923 qua
589 1873 743 1912 ratione
779 1872 863 1921 ipse
892 1871 1110 1910 Tacitinum
1146 1883 1182 1911 v.
1212 1871 1447 1911 substantivi
1474 1883 1588 1911 usum

170 1939 483 1990 investigaturus
512 1938 596 1986 sim,
627 1947 823 1987 exponere
851 1936 980 1976 liceat.

863 2045 898 2084 2.

277 2134 510 2184 Priusquam
538 2134 587 2174 de
618 2133 744 2183 ellipsi
777 2134 1006 2180 statuamus,
1037 2131 1084 2171 de
1110 2131 1266 2171 notione
1296 2131 1443 2182 ellipsis
1463 2143 1588 2182 pauca

171 2199 430 2248 praemittere
460 2210 555 2248 opus
585 2202 656 2238 est.
714 2197 814 2245 Quid
843 2197 883 2235 in
917 2196 1088 2245 Zumptii
1125 2195 1350 2236 definitione
1388 2196 1587 2237 desidera—

171 2263 295 2303 verim
324 2263 589 2303 demonstravi
618 2263 671 2313 (p.
694 2263 749 2313 3),
779 2261 919 2302 summi
947 2263 1081 2300 autem
1108 2260 1266 2301 videtur
1294 2272 1380 2301 esse
1401 2262 1587 2303 momenti

172 2338 328 2377 semper
370 2327 568 2377 respicere
611 2339 709 2377 quas
751 2325 978 2365 omissiones
1012 2325 1176 2365 Romani
1213 2326 1287 2375 ipsi
1324 2326 1483 2376 gravi-..s
1525 2326 1588 2366 vel

172 2391 298 2432 levius
327 2392 523 2433 senserint
551 2403 596 2432 ac
622 2393 766 2434 multas
795 2394 1033 2442 omissiones,
1064 2405 1174 2443 quas,
1204 2393 1271 2443 qui
1298 2392 1471 2442 linguam
1497 2390 1587 2431 lati-

172 2468 262 2496 nam
291 2456 407 2496 hodie
436 2457 586 2497 discere
615 2458 710 2506 vult,
749 2461 932 2498 accurate
969 2468 1204 2507 pernoscere
1234 2456 1363 2506 debet,
1402 2456 1587 2496 Romanis

173 2521 272 2562 adeo
300 2520 407 2566 leves
436 2522 665 2571 apparuisse
702 2533 935 2572 persuasum
963 2521 1100 2571 habeo,
1142 2525 1187 2562 ut
1215 2532 1282 2562 eas
1310 2532 1360 2562 ne
1389 2520 1587 2563 senserint
