1804 2909
92 278 94 280 ’
128 282 136 290 ”
200 298 284 335 <tur
310 294 351 333 in
379 294 605 333 narratione
633 295 812 335 breviore
841 294 906 347 (H.
935 295 965 334 1.
995 295 1060 342 43,
1087 294 1156 341 10,
1185 294 1235 333 11.
1269 294 1329 342 14,
1349 293 1400 341 53
1430 293 1476 333 G.
1495 295 1533 342 3,
1558 293 1618 333 11.

217 359 263 398 A.
282 358 352 397 III.
383 358 444 406 76,
463 358 517 408 5),
545 360 714 408 ponitur,
743 360 776 398 si
795 359 919 397 maius
947 358 1104 406 aliquod
1121 361 1359 396 momentum
1385 358 1425 395 in
1443 358 1619 397 oratione

215 422 333 461 situm
362 425 423 462 est
443 422 506 472 (D.
525 423 561 471 4,
584 424 620 463 8.
649 423 698 462 Η.
720 423 749 461 Ι.
769 423 833 470 48,
854 422 908 472 7).
950 422 995 461 In
1024 421 1237 461 enuntiatis
1263 421 1543 470 temporalibus
1559 421 1617 470 **)

215 497 490 535 nonnunquam
517 487 733 526 coniunctio
761 490 999 526 momentum
1026 486 1174 525 habuit.
1219 485 1358 533 Itaque
1385 488 1474 533 post
1502 486 1622 523 donec

218 556 275 589 est
301 554 435 598 (sunt)
471 551 700 600 plerumque
737 550 908 598 ponitur,
946 553 1035 599 post
1071 555 1111 587 ut
1139 549 1345 597 omittitur,
1386 549 1489 599 apud
1524 549 1621 589 alias

217 618 349 654 autem
377 616 666 656 coniunctiones
695 626 788 653 usus
816 616 984 654 vacillat.
1040 615 1183 653 Rarius
1221 615 1260 652 in
1289 614 1502 653 enuntiatis
1531 625 1619 652 cau-

218 677 362 717 salibus
386 678 443 727 **)
472 677 686 716 modalibus
711 678 789 727 ssssss)
819 678 1143 717 condicionalibus
1172 683 1229 715 est
1256 680 1391 724 (sunt)
1415 677 1619 725 omittitur,

222 745 354 783 tamen
382 742 561 791 exempla
590 742 685 781 satis
713 742 836 782 multa
871 746 1027 782 exstant
1056 741 1119 794 (A.
1147 743 1254 782 XIII.
1284 743 1347 791 36,
1378 743 1414 782 8.
1443 742 1490 781 A.
1518 742 1621 782 XVI.

218 807 279 854 19,
308 806 345 844 4.
376 806 422 844 G.
454 807 515 853 10,
546 806 601 856 9).

321 871 404 911 Nec
430 871 557 910 minus
586 883 703 921 saepe
732 871 835 921 apud
863 883 1003 911 nomen
1023 871 1167 911 tertiae
1187 872 1407 920 praesentis
1426 882 1619 920 personae

217 936 369 974 desunt.
425 935 563 983 Itaque
593 941 649 972 est
677 939 806 981 (sunt)
842 935 945 983 apud
981 935 1214 973 adiectivum
1243 946 1329 973 cum
1356 935 1396 973 in
1424 934 1618 974 nonnullis

216 998 422 1049 phrasibus
451 998 647 1038 brevitate
676 998 900 1048 insignibus,
931 1002 975 1038 ut
995 998 1043 1037 H.
1061 998 1129 1037 III.
1152 999 1214 1046 62,
1233 999 1258 1038 5
1287 998 1470 1049 (immane
1499 1010 1620 1048 quan-

155 1078 163 1086 ·
215 1067 314 1107 tum)
344 1063 392 1101 H.
422 1063 452 1101 I.
482 1063 545 1110 23,
577 1064 598 1102 1
638 1063 846 1113 (incertum
884 1075 934 1101 an
962 1063 1122 1112 repens)
1159 1066 1244 1101 tum
1284 1063 1324 1101 in
1361 1063 1621 1112 descriptione

215 1138 366 1166 morum
395 1126 451 1177 (in
479 1126 688 1165 Germania
716 1126 849 1178 vicies)
888 1129 929 1166 et
964 1127 1004 1165 in
1039 1126 1327 1166 narrationibus
1355 1126 1492 1165 vividis
1526 1137 1621 1175 pug-

215 1202 353 1230 narum
403 1190 644 1239 aliarumque
680 1202 814 1229 rerum
856 1190 1080 1239 graviorum
1122 1190 1245 1229 deest.
1300 1190 1414 1239 Apud
1442 1190 1621 1229 substan-

214 1254 338 1294 tivum
371 1254 596 1294 omissiones
632 1254 855 1294 rarissimae
893 1257 994 1294 sunt.
1051 1254 1198 1294 Eodem
1235 1254 1348 1294 modo
1385 1257 1474 1304 post
1506 1266 1620 1304 prae-

213 1319 425 1369 positiones
455 1322 496 1358 et
523 1319 626 1367 apud
654 1330 765 1358 casus
794 1318 969 1368 obliquos
1000 1324 1057 1356 esc
1072 1321 1200 1363 (sunt)
1219 1319 1444 1368 saepissime
1474 1320 1620 1359 omitti-

214 1386 292 1422 tur.
348 1382 487 1433 Neque
509 1385 570 1421 est
598 1382 675 1421 alia
705 1383 875 1422 condicio
904 1383 944 1421 in
973 1383 1108 1433 quovis
1145 1394 1291 1432 genere
1329 1384 1621 1423 enuntiatorum

212 1448 542 1495 secundariorum,
573 1448 620 1485 de
650 1447 789 1495 quibus
812 1447 915 1495 apud
943 1458 1083 1485 nomen
1112 1447 1274 1485 eaedem
1302 1446 1386 1486 fere
1414 1448 1522 1496 leges
1551 1459 1616 1486 va—

212 1511 308 1560 lent,
337 1522 438 1561 quae
466 1512 506 1550 in
535 1511 804 1559 coniugatione
833 1510 1128 1559 periphrastica.

318 1574 395 1614 Sed
431 1575 491 1614 his
529 1574 714 1614 absolutis
753 1575 829 1613 iam
857 1575 1056 1613 videamus
1092 1586 1204 1613 usum
1246 1575 1356 1614 verbi
1384 1575 1617 1614 substantivi

211 1638 251 1677 in
279 1639 519 1687 temporibus
556 1638 783 1687 praeteritis
822 1641 863 1677 et
890 1639 929 1677 in
968 1639 1231 1687 coniunctivis,
1271 1650 1348 1689 qua
1383 1640 1423 1678 in
1460 1651 1505 1679 re
1543 1650 1615 1689 ego

212 1704 391 1753 exempla
419 1704 586 1743 cuiusvis
619 1704 678 1743 rei
714 1715 865 1753 quoquo
902 1704 1014 1742 modo
1053 1704 1181 1742 omnia
1218 1714 1265 1741 ex
1302 1704 1435 1742 Tacito
1472 1703 1615 1743 afferre

211 1768 354 1816 studui,
392 1771 436 1806 ut
472 1768 592 1817 siquis
630 1770 719 1816 post
754 1779 816 1806 me
859 1779 946 1806 eam
981 1767 1185 1806 materiam
1222 1770 1395 1806 tractare
1435 1768 1615 1815 voluerit,

212 1835 318 1871 certe
360 1831 401 1870 in
442 1843 490 1871 ea
531 1843 575 1871 re
610 1831 713 1871 viam
748 1832 783 1871 ei
813 1832 992 1881 planasse
1020 1831 1166 1870 videar.
1224 1831 1484 1872 Numerorum
1526 1831 1616 1872 fidei

211 1908 402 1936 summam
429 1896 518 1936 dedi
547 1907 717 1945 operam.

210 1991 385 2034 Muessero,
407 1991 583 2033 Beitraege
607 1992 647 2024 H.
673 1992 711 2025 11.
735 2002 766 2034 p.
791 1994 851 2035 39,
886 1992 927 2025 ab
963 1993 1092 2026 Halmio
1127 1993 1158 2025 in
1194 1992 1308 2025 adnott
1347 1993 1431 2026 critt.
1477 1993 1618 2026 Praeter

212 2056 285 2079 eum
308 2046 434 2087 locum,
469 2055 565 2086 quem
600 2050 738 2086 tractat,
778 2046 970 2088 Nipperdey
993 2050 1043 2077 es(
1071 2047 1226 2087 adposuit
1249 2050 1288 2080 A.
1311 2047 1334 2078 I.
1361 2048 1378 2078 8
1404 2048 1546 2089 (passus
1568 2050 1620 2078 est

211 2109 271 2141 pro
293 2101 437 2141 passm)
470 2099 523 2131 VI.
548 2101 588 2130 44
614 2099 679 2140 (35)
703 2098 877 2133 damnatus
901 2101 955 2132 Xl.
982 2102 1032 2142 25,
1056 2103 1095 2133 25
1120 2100 1267 2133 adactus.

296 2153 325 2195 *)
369 2153 509 2185 Praeter
543 2152 683 2185 Gerberi
718 2153 874 2194 scriptum
910 2157 952 2194 (p.
991 2156 1030 2193 1).
1080 2153 1119 2186 ef.
1154 2154 1390 2195 Iungclausscn
1425 2163 1456 2195 p.
1486 2155 1520 2185 18
1544 2163 1616 2195 sqq.

210 2206 389 2247 Woelfflin,
411 2205 530 2240 Philol.
552 2206 655 2239 XXV.
689 2216 719 2247 p.
750 2208 815 2238 119.
842 2225 879 2229 -
915 2206 1080 2248 Exempla
1113 2207 1270 2239 nonnulla
1304 2207 1490 2240 omissionis
1525 2207 1617 2240 verbi

210 2261 408 2294 substantivi
441 2261 475 2293 in
510 2261 688 2294 enuntiatis
709 2261 912 2294 secundariis
947 2261 1078 2303 collegit
1101 2261 1282 2294 Pohlmann
1312 2271 1344 2303 p.
1368 2263 1424 2296 61.
1469 2261 1619 2303 Draeger

215 2324 247 2355 p.
276 2316 334 2346 164
359 2325 431 2357 sqq.

294 2368 347 2411 **)
391 2369 442 2401 De
465 2368 554 2401 vario
587 2378 649 2401 usu
683 2368 947 2401 coniunctionum
982 2369 1161 2402 causalium
1185 2368 1336 2402 Tacitino
1371 2369 1410 2402 cf.
1436 2369 1615 2412 Woelfflin,

209 2422 326 2454 Philol.
350 2422 453 2456 XXV.
481 2425 549 2453 120.
592 2422 743 2462 Draeger
765 2425 792 2461 ξ.
820 2424 888 2454 188.

295 2473 370 2516 **“)
416 2474 593 2507 Woelfflin.
617 2475 735 2507 Philol.
758 2475 879 2510 XXIV.
901 2485 932 2517 p.
960 2478 1027 2507 115.
1057 2478 1124 2508 123.
1148 2475 1250 2510 XXV.
1272 2486 1303 2517 p.
1333 2478 1400 2509 118.
1416 2477 1618 2518 —Draeger

165 2527 172 2539 “
208 2530 237 2567 S.
266 2529 322 2559 173
348 2536 419 2568 sqq.
447 2547 484 2551 --
509 2528 744 2568 Iungclaussen
768 2538 798 2569 p.
828 2531 862 2559 13
888 2539 958 2570 sqq.
