1804 2909
288 0 292 6 s,
306 0 385 16 ''L-ff.

235 311 284 351 de
320 310 369 350 iis
411 309 518 350 valet
561 312 792 360 enuntiatis,
830 311 871 350 in
912 311 1051 361 quibus
1093 323 1179 350 cum
1219 315 1360 351 neutro
1402 311 1640 360 pronominis

231 373 436 425 genetivus
476 377 685 424 partitivus
727 378 952 418 coniunctus
988 379 1062 417 est.
1119 376 1318 416 Habemus
1359 376 1480 426 igitur
1507 375 1555 416 H.
1571 376 1637 416 IV.

232 440 297 489 59,
329 439 378 479 12
420 439 625 491 (quantum
665 442 870 493 militums)
913 445 955 482 et
990 443 1038 481 H.
1069 442 1134 482 IV.
1150 443 1220 490 ⁴33,
1256 443 1280 482 8
1325 442 1528 492 (quantum
1569 453 1638 491 pe-

231 503 356 543 ditum
383 503 508 556 erat),
550 510 761 556 praeterea
802 519 837 546 V.
881 505 1170 545 substantivum
1198 505 1237 544 in
1265 504 1407 544 talibus
1425 505 1639 545 enuntiatis

232 567 344 609 deest
370 568 418 609 H.
447 569 513 610 IV.
544 570 606 619 15,
636 571 657 610 7
690 570 748 620 (et
776 570 879 620 quod
907 569 1090 620 militum)
1118 570 1164 609 A.
1182 569 1211 608 I.
1241 569 1304 618 64,
1337 569 1386 608 14
1415 569 1639 618 (quantum-

232 644 308 683 que
349 635 540 683 gravioris
582 635 763 685 agminis)
808 634 912 674 XIV.
942 635 1006 682 32,
1040 635 1088 674 19
1103 665 1112 682 ,
1156 634 1316 683 ponitur
1351 632 1399 671 H.
1429 633 1478 671 II.
1507 634 1571 681 55,
1601 634 1637 673 3.

231 697 297 737 IV.
327 698 390 747 71,
423 699 472 738 15
501 698 621 749 (quod
651 701 739 738 erat
765 698 949 749 militum)
978 699 1024 737 A.
1054 699 1119 738 IV.
1149 699 1212 747 24,
1242 700 1268 738 5
1305 699 1426 749 (quod
1454 704 1542 739 erat
1568 701 1638 739 mi-

234 761 364 812 litum)
406 762 513 802 XIII.
542 763 614 811 56,
646 764 692 803 17
737 763 857 813 (quod
896 764 1110 803 inventutis
1153 762 1256 815 erat)
1273 764 1322 813 =³).
1391 764 1437 803 In
1477 764 1639 814 reliquis

231 830 368 866 contra
409 828 622 867 enuntiatis
658 828 781 876 magis
822 827 1029 877 generales
1070 828 1178 877 leges
1219 828 1362 868 valent.
1419 829 1559 878 Itaque
1601 829 1640 867 in

231 891 491 940 compluribus
520 891 594 931 en¹⁸
630 891 814 931 brevibus
841 904 876 931 v.
906 891 1059 931 subst¹¹¹¹¹
1075 892 1198 940 deest,
1228 892 1277 931 Η.
1297 893 1326 931 Ι.
1348 893 1412 941 53,
1443 893 1492 932 12
1521 892 1641 942 (unde

232 955 418 995 seditiosa
446 956 652 1006 colloquia)
670 956 733 1004 85,
760 957 807 997 18
838 956 921 1006 (ubi
949 956 1139 1005 plurimae
1168 956 1297 1006 voces)
1328 957 1378 1005 II,
1396 956 1458 1005 85,
1478 956 1499 995 7
1520 956 1640 1006 (unde

230 1019 375 1070 metus)
420 1020 489 1059 III.
521 1020 582 1069 17,
613 1020 648 1060 3.
691 1020 756 1060 IV.
787 1020 849 1069 79,
879 1020 905 1059 4
933 1020 1052 1070 (unde
1081 1021 1225 1071 metus)
1268 1021 1370 1062 XIV.
1400 1022 1464 1070 33,
1497 1021 1558 1061 15.
1589 1044 1640 1049 -

230 1085 333 1125 XVI.
364 1085 400 1134 7,
429 1085 456 1124 4
498 1086 617 1136 (quod
657 1087 825 1136 primum
866 1086 1049 1126 iudicium
1077 1087 1185 1135 mali)
1227 1087 1491 1127 memorabilis
1532 1087 1639 1126 locus

235 1153 307 1200 est,
338 1150 439 1201 quod
468 1150 521 1191 ibi
549 1151 652 1202 apud
680 1151 880 1192 numerale
909 1164 944 1191 v.
984 1163 1013 1192 s.
1048 1152 1171 1193 deest.
1229 1152 1359 1194 Semel
1387 1153 1507 1193 etiam
1536 1153 1640 1203 apud

230 1216 462 1267 particulam
489 1229 525 1257 v.
542 1229 572 1257 s.
589 1217 795 1265 omittitur,
824 1216 869 1257 A.
887 1216 990 1256 XVI.
1010 1217 1072 1265 17,
1092 1218 1141 1257 16
1171 1218 1290 1267 (quae
1319 1220 1403 1257 tum
1430 1217 1641 1267 promptis-

230 1282 327 1323 sima
369 1282 507 1322 mortis
548 1282 640 1335 via).
698 1282 775 1323 Sed
802 1282 1032 1332 plerumque
1070 1282 1110 1320 in
1147 1281 1361 1321 enuntiatis
1388 1280 1639 1331 longioribus,

230 1347 333 1397 apud
360 1347 584 1396 particulas,
613 1347 830 1387 numeralia
858 1351 931 1388 etc.
961 1360 997 1388 v.
1027 1348 1181 1387 subst¹¹¹¹¹
1210 1348 1389 1397 ponitur:
1420 1347 1468 1386 H.
1485 1347 1514 1385 Ι.
1532 1347 1596 1395 20,
1615 1347 1640 1386 2

231 1412 337 1464 (inde
364 1436 418 1441 —
445 1413 512 1453 ubi
539 1412 694 1462 inopiae
723 1423 839 1452 causa
867 1413 971 1463 erat)
1001 1414 1070 1453 ΙΙΙ.
1100 1414 1164 1462 31,
1192 1414 1229 1454 5.
1261 1413 1330 1453 ΙΠ.
1357 1414 1421 1461 46,
1450 1413 1476 1453 5
1506 1413 1640 1463 (quem

230 1478 362 1526 spargi
395 1477 664 1533 parsbconsilii
690 1477 874 1526 pacisque
917 1478 1019 1528 erat)
1063 1478 1093 1516 I.
1122 1480 1186 1526 49,
1219 1478 1269 1517 14
1309 1478 1429 1527 (quod
1471 1478 1639 1526 segnitia

229 1540 359 1592 erat),
397 1540 463 1580 ubi
489 1539 656 1580 fortasse
685 1543 848 1590 propter
876 1541 1027 1581 varium
1054 1554 1177 1592 genus
1206 1542 1343 1592 copula
1371 1544 1521 1590 exstat,
1565 1541 1635 1581 ΠΙ.

228 1607 291 1654 30,
319 1607 358 1646 4.
386 1606 416 1645 Ι.
446 1606 509 1655 42,
539 1606 576 1646 5.
619 1629 671 1634 ——
712 1607 757 1645 A.
788 1607 856 1645 III.
887 1608 960 1655 38,
989 1607 1015 1646 4
1050 1607 1169 1657 (quod
1198 1610 1282 1646 tum
1311 1606 1638 1655 complementum

228 1670 332 1721 erat)
362 1670 427 1710 IV.
457 1671 521 1718 31,
551 1671 587 1710 3.
617 1671 680 1719 66,
713 1672 763 1711 10
792 1671 911 1721 (quod
940 1682 1059 1710 unum
1089 1693 1135 1699 —
1167 1669 1374 1720 suffugium
1407 1671 1448 1710 in
1475 1674 1634 1720 tempus

229 1734 332 1785 erat)
360 1735 390 1774 I.
420 1735 483 1783 20,
513 1735 539 1773 4
582 1735 700 1785 (quod
728 1735 924 1791 municipii
952 1735 1077 1774 instar
1106 1735 1230 1784 erat),
1274 1734 1377 1783 apud
1415 1735 1518 1784 quod
1546 1735 1636 1774 sub-

228 1798 459 1848 stantivum,
501 1799 593 1849 quia
620 1799 889 1839 indeclinabile
918 1803 999 1849 est,
1028 1812 1063 1839 v.
1093 1798 1247 1839 subst¹¹¹¹¹
1276 1810 1474 1849 nunquam
1512 1799 1636 1839 deest.

227 1864 274 1903 A.
303 1863 368 1903 IV.
398 1864 461 1911 71,
491 1862 528 1901 9.
557 1864 662 1902 XIII.
692 1865 757 1912 38,
789 1865 849 1904 12.
878 1864 981 1904 XIV.
1013 1866 1074 1911 10,
1107 1865 1167 1903 15.
1223 1867 1266 1901 In
1294 1864 1488 1901 adiectivo
1516 1875 1636 1912 gene-

227 1928 333 1969 rales
360 1927 494 1968 valent
520 1927 647 1978 leges,
686 1940 802 1979 quam
830 1928 878 1969 ob
907 1940 991 1969 rem
1019 1928 1081 1968 hic
1109 1928 1232 1968 solum
1259 1927 1362 1968 locos
1390 1926 1512 1967 affero
1540 1939 1636 1967 non-

227 1994 344 2033 nullis
373 1994 580 2042 exemplis,
623 2004 724 2042 quae
752 1994 942 2043 principia
970 1994 1128 2042 egregie
1157 1993 1372 2039 illustrant,
1415 1993 1634 2041 exscriptis.

229 2057 381 2097 Omissa
409 2060 471 2097 est
498 2057 655 2106 copula:
684 2057 733 2096 H.
750 2057 780 2095 Ι.
806 2058 866 2106 14,
899 2057 947 2097 13
979 2056 1072 2109 (quo
1100 2056 1316 2106 suspectior
1344 2055 1534 2107 sollicitis)
1564 2056 1635 2097 III.

230 2122 359 2171 16,10
387 2122 481 2173 (qua
510 2122 647 2172 cuique
676 2122 910 2173 proximum)
939 2123 1008 2163 III.
1024 2123 1157 2172 56,16
1185 2121 1301 2174 (quae
1333 2120 1459 2172 utilia)
1489 2122 1633 2171 69,14.

227 2187 291 2236 80,
321 2188 359 2228 2.
386 2187 452 2227 IV.
482 2188 520 2236 4,
549 2187 585 2227 2.
615 2188 678 2236 33,
711 2188 744 2227 1.
773 2188 837 2237 39,
867 2188 930 2227 22.
960 2188 1024 2236 39,
1053 2187 1116 2227 22.
1146 2186 1209 2235 39,
1239 2186 1291 2225 24
1320 2184 1522 2238 (quidquid
1550 2190 1635 2227 tur-

227 2251 376 2305 bidum)
404 2253 468 2302 50,
498 2253 562 2293 21.
591 2253 655 2302 53,
685 2254 722 2293 7.
753 2254 815 2303 73,
848 2254 908 2294 10.
951 2277 1003 2282 -
1044 2254 1090 2292 A.
1119 2252 1169 2293 II.
1202 2252 1270 2301 11,
1299 2252 1325 2292 5
1354 2250 1448 2303 (qua
1476 2252 1635 2293 celerri—

228 2328 314 2356 mus
341 2315 482 2368 amnis)
511 2317 580 2356 III.
610 2318 646 2365 2,
677 2318 713 2356 7.
742 2318 806 2357 IV.
828 2319 888 2366 12,
920 2319 982 2358 18.
1011 2318 1074 2365 50,
1103 2319 1140 2357 5.
1178 2317 1244 2356 VI.
1273 2316 1338 2364 46,
1367 2315 1404 2354 2.
1441 2316 1472 2354 Ι.
1502 2317 1566 2364 33,
1597 2318 1634 2356 5.

228 2380 293 2429 56,
322 2381 359 2420 9.
402 2381 466 2429 67,
496 2382 529 2423 7.
576 2381 639 2430 77,
671 2383 732 2421 11.
775 2382 842 2421 XI.
875 2382 936 2432 12,
965 2383 1002 2422 9.
1044 2382 1128 2422 XII.
1164 2383 1225 2431 14,
1255 2381 1291 2421 9.
1340 2379 1446 2419 XIII.
1476 2380 1540 2430 39,
1573 2383 1633 2422 10.

315 2528 347 2567 *J
369 2528 421 2562 De
445 2537 486 2562 eo
508 2537 571 2563 usu
593 2528 735 2571 genetivi
757 2528 905 2571 partitivi
935 2528 975 2562 cf.
999 2529 1111 2564 Haase
1145 2529 1189 2563 ad
1211 2529 1392 2573 Reisigium
1415 2530 1527 2564 adnot.
1563 2532 1634 2564 530.

226 2591 280 2626 pg.
305 2583 376 2616 643.
1336 2603 1338 2605 »
