1804 2909
774 137 1039 176 „23-

201 244 418 285 versativas
445 243 619 293 aliasque
648 245 797 293 deesse,
827 248 881 284 ut·
898 244 947 283 H.
976 244 1006 282 Ι.
1036 244 1099 291 46,
1134 244 1181 282 10
1210 242 1367 294 (quarta
1402 254 1493 291 pars
1526 254 1608 282 ma-

200 306 324 357 nipuli
351 305 503 359 sparsa)
531 307 562 346 I.
591 308 653 356 82,
684 308 708 347 9
738 306 907 359 (clausae
937 303 1088 357 domus)
1117 306 1166 346 II.
1187 305 1250 354 22,
1282 305 1343 345 17.
1367 305 1436 345 III.
1456 305 1519 354 21,
1545 305 1610 345 11.

201 371 271 411 ΠΙ.
305 371 367 420 68,
407 372 469 412 19.
506 372 571 412 IV.
610 373 673 421 23,
716 372 742 412 5
770 370 876 423 (inde
892 393 944 399 —-
958 368 1130 422 additus)
1159 373 1248 419 post
1288 370 1384 409 talia
1424 369 1610 409 adverbia

205 435 431 475 omissiones
458 435 793 486 frequentissimas
822 446 909 475 esse
937 446 1056 484 supra
1084 434 1237 474 ostendi
1266 433 1331 473 IV.
1353 433 1417 482 65,
1446 434 1509 474 20.
1538 433 1609 472 ΠΙ.

201 499 266 549 44,
304 499 341 540 5.
372 497 441 539 IV.
474 501 534 548 10,
569 501 607 540 4.
636 522 688 527 ——
715 499 761 538 A.
791 499 821 538 I.
860 500 923 547 61,
956 500 1004 540 10
1040 498 1218 551 (disiecta
1254 498 1317 537 vel
1345 496 1550 550 aggerata)
1578 498 1608 537 I.

204 566 267 614 63,
299 566 359 605 14.
398 565 462 604 IV.
493 565 557 612 50,
587 564 623 603 6.
652 563 761 603 XIII.
789 564 853 612 40,
884 564 921 603 8.

309 629 477 668 Maxime
505 628 646 666 mirum
687 630 749 666 est
791 628 892 676 quod
930 628 1033 677 apud
1077 628 1270 667 adiectiva
1307 627 1481 667 verbalia
1525 639 1609 667 sae-

203 693 289 744 pius
326 697 411 730 erat
447 692 487 730 in
524 691 737 730 enuntiatis
774 691 971 740 primariis
1008 692 1190 731 omissum
1240 695 1301 731 est
1316 722 1325 740 ,
1375 703 1460 730 cum
1501 691 1609 730 Taci-

203 759 268 796 tus
304 755 450 795 formas
491 761 550 794 est
592 758 634 794 et
679 760 766 793 sunt
806 767 1005 805 nunquam
1046 755 1086 794 in
1127 755 1175 794 iis
1226 756 1393 795 omittat.
1464 755 1610 795 Tamen

143 836 147 838 >
204 820 403 869 exempla,
459 831 560 869 quae
615 820 655 857 in
710 823 892 869 promptu
946 823 1057 868 sunt,
1114 823 1223 859 certa
1273 821 1457 860 videntur
1512 820 1610 869 esse,

204 886 296 928 sunt
349 887 483 923 autem
536 882 653 923 haec:
709 883 759 922 H.
807 883 872 922 IV.
921 884 993 931 63,
1042 884 1066 922 3
1110 884 1198 933 (nec
1244 883 1474 933 reliquenda
1519 883 1612 922 urbs

205 947 289 986 sine
317 945 488 998 rectore)
534 948 579 986 A.
609 947 639 985 Ι.
670 947 732 995 65,
763 948 834 995 23,
875 947 924 986 de
964 959 1039 996 quo
1068 947 1150 986 loco
1178 959 1215 996 p.
1245 947 1297 986 22
1326 946 1424 994 dixi,
1469 947 1515 985 A.
1545 946 1600 985 IV

205 1011 268 1060 62,
302 1011 352 1051 14
380 1010 606 1062 (miserandi
633 1010 773 1061 magis)
803 1010 869 1050 IV.
899 1010 962 1059 69,
992 1011 1017 1049 2
1046 1010 1255 1060 (servanda
1283 1010 1410 1061 fides).
1467 1010 1613 1050 Contra

204 1077 364 1127 ponitur
405 1081 490 1115 erat
533 1078 622 1125 post
660 1074 873 1124 particulas
901 1075 1151 1115 disiunctivas
1179 1075 1228 1115 H.
1258 1076 1287 1114 Ι.
1318 1076 1381 1124 29,
1414 1076 1482 1124 10,
1524 1080 1614 1125 post

205 1142 278 1179 sed
303 1141 352 1180 H.
382 1140 448 1189 IV,
477 1141 549 1188 46,
579 1140 615 1188 5,
645 1142 856 1189 praeterea
883 1139 929 1178 A.
959 1139 1029 1178 ΙΙΙ.
1060 1140 1132 1187 67,
1162 1141 1185 1179 9
1230 1139 1292 1189 (ac
1333 1152 1451 1190 saepe
1494 1142 1615 1181 etiam

205 1203 464 1245 confitendum
492 1203 616 1254 erat),
661 1204 763 1253 apud
802 1203 876 1242 adi.
907 1202 1014 1242 verb.
1043 1203 1198 1242 in-urus
1226 1203 1274 1242 H.
1304 1204 1334 1243 Ι.
1368 1206 1428 1253 11,
1459 1206 1510 1245 10
1539 1205 1613 1255 (in-

206 1279 334 1309 ermes
360 1267 583 1317 provinciae
612 1291 663 1296 —
692 1278 873 1307 cessurae
901 1267 1044 1318 erant).
1074 1290 1126 1295 —

308 1334 372 1371 Ex
408 1334 615 1370 enuntiatis
656 1333 900 1370 secundariis
937 1333 1100 1380 primum
1142 1333 1308 1370 relativa
1349 1335 1612 1382 inspiciamus,

202 1397 250 1436 de
278 1395 417 1446 quibus
445 1397 484 1435 in
512 1394 644 1435 formis
673 1402 730 1434 est
757 1399 798 1435 et
834 1401 921 1434 sunt
948 1396 1163 1435 tractandis
1190 1396 1357 1435 disserui
1383 1408 1445 1446 pg.
1466 1398 1515 1438 14
1529 1409 1612 1448 sqq.

201 1461 418 1501 Positiones
461 1464 593 1499 autem
634 1461 675 1499 in
716 1459 943 1509 imperfecto
985 1460 1109 1508 magis
1151 1461 1382 1508 praevalent
1420 1473 1536 1511 quam
1573 1464 1614 1502 in

202 1527 422 1578 praesenti,
478 1538 568 1567 nam
609 1525 702 1566 VIII
744 1523 922 1573 exempla
964 1523 1200 1573 omissionis,
1244 1525 1373 1565 XXIV
1410 1527 1612 1576 positionis

201 1591 339 1631 habeo.
421 1590 518 1630 Cum
559 1594 691 1629 autem
743 1588 1015 1638 Nipperdeyus
1070 1600 1146 1627 non
1195 1579 1391 1628 immerito
1449 1591 1613 1632 dixisset

202 1654 431 1705 plerumque
475 1659 532 1692 est
576 1653 679 1702 apud
718 1656 903 1692 neutrum
943 1652 1140 1701 participii
1181 1652 1279 1702 perf.
1322 1665 1424 1703 pass,
1469 1656 1610 1704 omitti,

203 1730 252 1758 ea
292 1718 429 1767 regula
464 1718 504 1756 in
540 1715 769 1766 imperfecto
816 1719 1055 1756 momentum
1091 1727 1167 1754 non
1209 1716 1342 1765 habet,
1386 1718 1530 1767 quippe
1573 1720 1613 1757 in

204 1793 279 1832 quo
324 1781 443 1821 etiam
485 1781 588 1832 apud
628 1781 881 1820 masculinum
926 1784 966 1820 et
1009 1779 1234 1820 femininum
1285 1781 1512 1821 omissiones
1554 1782 1612 1821 in—

204 1848 412 1888 veniantur
456 1847 519 1897 (A.
557 1845 607 1885 II.
646 1846 717 1894 83,
760 1846 782 1884 7
827 1844 1074 1895 sepulchrum
1113 1845 1361 1894 Antiochiae,
1414 1846 1481 1885 ubi
1528 1857 1613 1886 cre-

203 1915 351 1960 matus,
395 1911 569 1953 tribunal
610 1909 884 1959 Epidaphnae,
927 1921 1003 1959 quo
1045 1909 1085 1948 in
1134 1910 1216 1949 loco
1262 1910 1383 1949 vitam
1426 1909 1612 1961 finierat).

203 1977 262 2016 Ex
289 1975 461 2016 historiis
490 1980 622 2016 autem
664 1976 787 2015 solum
825 1987 945 2014 unum
982 1974 1197 2014 omissionis
1226 1974 1446 2024 exemplum
1474 1974 1613 2024 habeo,

205 2041 291 2091 (III.
321 2042 359 2089 8,
390 2041 457 2090 10)
488 2044 621 2080 cetera
648 2044 805 2080 exstant
832 2041 872 2079 in
900 2040 1103 2079 annalibus
1130 2039 1179 2078 II.
1211 2040 1273 2087 21,
1303 2040 1339 2079 5.
1381 2039 1452 2078 III.
1483 2040 1547 2088 65,
1578 2041 1613 2080 7.

203 2104 270 2143 VI.
302 2106 363 2152 17,
394 2106 430 2144 7.
472 2105 560 2143 XII.
592 2105 652 2151 12,
685 2106 719 2143 7.
757 2104 864 2143 XIII.
896 2104 957 2151 12,
987 2104 1033 2152 5,
1077 2104 1204 2142 omnia
1245 2106 1378 2142 autem
1418 2102 1615 2143 brevitate

204 2168 372 2219 quadam
408 2169 576 2218 insignia
612 2171 713 2208 sunt.
769 2168 988 2208 Positiones
1026 2168 1236 2208 secundum
1273 2167 1380 2216 leges
1407 2168 1616 2216 generales

205 2236 362 2273 exstant
388 2233 438 2272 H.
467 2232 519 2273 II.
549 2233 611 2280 66,
641 2233 679 2272 5.
707 2233 773 2272 IV.
802 2234 866 2281 59,
899 2233 960 2272 17.
990 2233 1053 2280 80,
1085 2233 1121 2272 7.
1154 2254 1201 2258 -
1239 2231 1285 2278 A.
1314 2232 1346 2272 1.
1377 2232 1441 2281 25,
1471 2233 1507 2274 8.
1549 2232 1615 2272 IV.

205 2297 335 2345 74,17
368 2297 480 2347 (quos
507 2308 584 2337 non
613 2308 792 2337 sermone
819 2308 896 2337 non
925 2297 1011 2337 visu
1038 2297 1220 2346 dignatus
1248 2296 1366 2347 erat),
1395 2296 1501 2337 locus
1524 2297 1615 2337 rhe-

205 2361 328 2415 torico
357 2361 486 2400 colore
506 2361 679 2410 insignis,
708 2362 748 2400 in
777 2372 852 2410 quo
874 2372 950 2410 qua
969 2361 1122 2400 ratione
1142 2373 1227 2399 esse
1246 2364 1426 2409 ponatur,
1456 2362 1615 2411 egregie

206 2425 431 2475 perspicere
459 2436 676 2475 possumus.
718 2424 784 2464 VI.
818 2425 878 2473 12,
913 2424 972 2464 11.
1014 2424 1081 2464 XI.
1113 2425 1149 2473 9,
1178 2425 1214 2465 5.
1257 2424 1344 2465 XII.
1374 2426 1438 2474 27,
1467 2426 1504 2467 2.
1546 2425 1615 2466 XI.

205 2491 272 2540 37,
302 2491 361 2530 15.
405 2488 513 2531 XIII.
546 2489 606 2539 10,
636 2490 672 2531 2.
705 2490 766 2539 10,
796 2490 836 2531 5.
862 2489 927 2540 27,
956 2489 993 2530 7.
1038 2489 1141 2532 XIV.
1169 2489 1241 2538 31,
1270 2489 1333 2530 20.
1363 2490 1427 2539 39,
1458 2492 1493 2531 7.
1531 2490 1616 2532 XV.
