1804 2909
783 165 1048 210 *44*-

202 276 265 317 IV.
295 277 359 327 69,
389 278 425 318 3.
455 277 504 317 H.
534 278 560 317 I.
593 279 653 327 16,
684 279 721 327 2,
765 277 830 318 ubi
864 276 908 317 cf.
946 277 1158 317 Heraeum.
1214 277 1275 317 De
1304 275 1509 317 omissione
1537 286 1615 316 una

202 341 243 381 in
272 342 544 391 coniugatione
572 342 860 393 periphrastica
888 340 933 380 cf.
964 352 1028 391 pg.
1057 341 1121 381 24.

310 408 347 446 6.
377 407 424 445 In
444 409 654 446 enuntiatis
673 408 907 446 concessivis
925 405 1205 445 audacissimae
1226 404 1480 445 inveniuntur
1499 404 1617 445 omis-

203 470 343 510 siones.
400 469 455 509 Ut
496 471 601 510 enim
639 470 884 510 omissionem
922 474 1011 520 post
1039 470 1275 510 adiectivum
1301 468 1617 520 praetermittam
1645 506 1648 509 .
1728 475 1731 479 “
1797 471 1804 482 ’

204 535 271 585 (H.
300 534 329 574 1.
361 533 483 586 14,1)
514 538 555 575 et
583 536 686 585 apud
714 536 889 575 dativum
918 534 983 587 (A.
1003 536 1030 574 Ι.
1051 535 1112 584 13,
1129 533 1185 585 2),
1214 534 1469 574 inveniuntur
1496 534 1618 574 etiam

203 602 293 648 post
320 599 569 649 genetivum,
611 600 658 639 A.
688 601 732 638 ΙΙ.
766 602 809 649 1,
853 601 878 639 3
922 600 1116 651 (quamvis
1152 598 1282 649 gentis
1320 596 1617 651 Arsacidarum)

208 667 250 704 et
278 667 368 713 post
395 665 727 714 praepositionem
756 664 819 717 (A.
850 666 911 703 111.
943 666 1006 713 71,
1031 665 1095 715 3):
1124 676 1214 703 nam
1241 663 1317 703 etsi
1344 662 1509 703 delubra
1535 663 1619 703 eius

203 728 328 767 multa
355 728 395 767 in
424 728 543 778 urbe,
586 729 735 769 nullum
776 733 910 769 tamen
951 729 1023 769 tali
1059 730 1314 778 cognomento
1356 725 1472 779 erat).
1528 726 1619 767 Una

202 793 328 833 solum
355 796 486 833 exstat
512 794 654 844 positio
682 794 731 834 H.
760 794 804 835 11.
834 795 897 844 30,
928 796 952 835 9
995 794 1053 847 (et
1089 805 1323 845 quamquam
1360 794 1447 844 plus
1475 793 1617 834 virium

203 861 291 897 erat
312 888 321 897 .
350 880 403 886 —

292 856 307 909 )
741 924 773 960 β.
818 923 874 955 De
896 922 1074 963 perfecto.

314 989 347 1026 1.
378 988 436 1025 De
456 989 665 1026 enuntiatis
682 988 870 1027 relativis.
927 988 969 1026 In
997 987 1172 1037 perfeeto
1200 987 1425 1037 positiones,
1455 987 1487 1026 si
1514 987 1617 1027 ratio

205 1062 295 1090 mea
322 1051 527 1101 supplendi
554 1055 666 1091 recta
693 1052 788 1101 fuit,
834 1053 1002 1092 maxime
1039 1052 1282 1102 praevalent.
1339 1051 1380 1092 Si
1409 1052 1511 1092 enim
1540 1052 1619 1090 ad-

204 1116 382 1153 iectivum
409 1116 450 1154 in
478 1116 704 1164 praedicato
733 1119 883 1165 exstat,
927 1117 967 1155 in
1003 1116 1176 1156 historiis
1214 1116 1461 1157 omissionem
1488 1116 1619 1157 inveni

204 1179 365 1228 nullam,
397 1191 445 1219 ex
473 1179 678 1219 annalibus
707 1180 832 1219 solum
860 1184 954 1230 tres,
983 1182 1027 1221 11.
1043 1181 1116 1230 20,
1146 1181 1172 1222 5
1203 1180 1323 1234 (quod
1351 1179 1531 1234 arduum)
1573 1180 1618 1219 II·

205 1243 270 1292 64,
303 1245 364 1285 10.
393 1245 454 1284 lV.
477 1246 541 1294 35,
560 1244 585 1284 2
615 1244 797 1297 (quorum
824 1245 941 1285 libido
969 1244 1191 1297 impunita).
1247 1247 1455 1286 Positionis
1482 1247 1522 1286 in
1551 1247 1619 1287 ad-

203 1309 346 1349 iectivo
374 1308 473 1349 haec
501 1310 680 1359 exempla
708 1313 819 1350 sunt:
849 1310 898 1350 H.
920 1312 948 1351 I.
980 1312 1042 1360 19,
1072 1312 1109 1352 5.
1150 1312 1195 1352 11.
1227 1314 1262 1361 1,
1291 1313 1329 1352 3.
1371 1312 1434 1351 111.
1463 1313 1526 1360 77,
1556 1312 1618 1352 17.

204 1373 266 1413 lv.
296 1373 360 1422 42,
392 1374 453 1415 30.
484 1396 538 1402 —
567 1376 616 1413 A.
646 1375 689 1413 ΙΙ.
720 1374 783 1422 37,
816 1376 849 1415 1.
880 1376 944 1423 61,
975 1376 1011 1416 2.
1042 1376 1101 1415 111.
1133 1376 1197 1424 57,
1229 1376 1264 1415 1.
1304 1376 1420 1424 V1.8,
1442 1376 1489 1415 12
1518 1373 1619 1427 (qui-

205 1437 363 1491 fuimus)
408 1438 455 1479 cf.
485 1450 548 1489 pg.
578 1439 641 1480 43.
670 1440 698 1479 1.
726 1439 790 1487 49,
823 1438 883 1478 15.
928 1438 1007 1478 XII.
1037 1438 1101 1488 40,
1133 1440 1195 1480 18.
1246 1440 1309 1480 XI.
1338 1439 1402 1489 20,
1436 1441 1496 1479 11.
1538 1440 1620 1480 XV.

204 1503 269 1551 23,
301 1503 361 1541 11.
418 1504 533 1552 Apud
560 1505 838 1542 substantivum
874 1514 993 1551 saepe
1031 1516 1064 1542 v.
1096 1504 1251 1543 subst¹²¹¹¹
1279 1504 1392 1543 deest
1429 1507 1519 1553 post
1551 1504 1620 1543 ad-

204 1567 382 1607 verbium
409 1568 618 1608 relativum
645 1569 757 1616 unde,
785 1568 834 1607 H.
864 1568 909 1606 ΙΙ.
939 1568 1011 1616 60,
1044 1568 1063 1607 1
1097 1566 1216 1620 (unde
1244 1568 1457 1618 praecipua
1484 1568 1524 1608 in
1551 1568 1619 1609 Vi-

207 1632 359 1671 tellium
387 1631 589 1684 alienatio)
617 1634 679 1674 IV.
714 1634 774 1681 19,
808 1634 868 1673 18.
899 1633 960 1671 lv.
991 1634 1054 1681 34,
1088 1634 1149 1682 12,
1178 1633 1346 1682 plurima
1374 1633 1553 1682 exempla
1579 1633 1621 1673 in

206 1697 410 1737 annalibus
439 1701 597 1737 exstant
624 1699 652 1737 1.
683 1699 746 1747 60,
776 1699 813 1738 3.
843 1698 907 1746 63,
929 1698 966 1737 8.
995 1697 1055 1736 lv.
1075 1696 1137 1745 12,
1157 1696 1194 1736 4.
1224 1697 1283 1737 VI.
1300 1698 1363 1746 47,
1381 1697 1418 1736 2.
1447 1697 1512 1738 XI.
1528 1698 1619 1748 8,7.

205 1762 303 1801 XIII.
332 1763 370 1810 9,
402 1764 464 1802 13.
493 1763 590 1801 XIV.
619 1763 683 1811 65,
713 1764 750 1803 6.
780 1764 841 1802 vl.
871 1764 907 1810 7,
934 1762 969 1801 9.
1026 1761 1143 1811 Apud
1170 1773 1384 1811 pronomen
1410 1762 1620 1802 relativum

205 1838 284 1866 una
298 1829 429 1866 exstat
444 1827 599 1866 omissio
622 1826 668 1867 A.
685 1826 748 1866 Ill.
764 1827 828 1875 40,
845 1827 870 1865 3
888 1826 1014 1876 (cuius
1028 1848 1081 1852 —
1098 1825 1370 1865 exstimulator
1384 1848 1436 1853 -—
1449 1825 1618 1879 Florus),

207 1890 385 1931 omnibus
400 1891 563 1941 reliquis
578 1891 671 1931 loeis
685 1891 849 1931 verbum
864 1890 1020 1930 subst¹¹¹¹¹
1048 1890 1218 1940 ponitur,
1248 1890 1298 1930 H.
1313 1890 1339 1930 Ι.
1370 1891 1434 1940 61,
1454 1891 1478 1931 8
1508 1889 1619 1942 (quo-

206 1967 295 1994 rum
311 1955 432 1994 robur
448 1955 550 2004 legio
566 1955 874 1995 unaetvicesima
889 1954 978 2005 fuit)
995 1956 1038 1994 11.
1055 1956 1120 2003 44,
1137 1955 1250 1996 3.111.
1267 1955 1330 2003 22,
1350 1956 1459 1995 1.111.
1474 1956 1539 2006 29,
1557 1957 1618 1997 12.

204 2019 267 2058 lv,
298 2019 361 2067 75,
391 2019 427 2059 2.
457 2019 502 2059 A.
519 2019 578 2058 III.
604 2020 669 2067 37,
699 2019 737 2059 5.
769 2020 830 2059 lV.
848 2020 912 2069 36,
929 2020 967 2059 3.
995 2020 1179 2068 IV.58,6
1209 2017 1345 2071 (unde)
1375 2019 1454 2062 ΧΠ.
1470 2021 1534 2070 66,
1556 2022 1618 2062 11.

206 2084 304 2123 XIV.
333 2084 397 2131 50,
427 2084 465 2123 5.
523 2083 642 2133 Apud
678 2086 892 2133 yenativum
929 2084 1094 2124 verbum
1134 2083 1421 2123 substantivum
1461 2086 1621 2133 ponitur

206 2148 255 2187 H.
285 2148 344 2187 111.
375 2148 438 2195 78,
470 2148 520 2186 14
564 2147 682 2199 (quae
726 2148 898 2187 omnium
939 2147 1052 2197 fuit),
1095 2148 1199 2196 apud
1240 2148 1408 2185 dativum
1448 2148 1488 2187 in
1529 2159 1619 2187 con-

206 2212 422 2252 structione
451 2224 537 2250 esse
565 2225 599 2252 c.
627 2213 706 2252 dat.
731 2225 926 2261 personae
945 2224 1024 2251 una
1042 2214 1173 2252 exstat
1191 2211 1347 2251 omissio
1361 2211 1409 2251 A.
1424 2212 1484 2251 VI.
1500 2213 1564 2262 50,
1579 2213 1618 2262 5,

206 2277 438 2327 positiones:
468 2276 515 2315 A.
533 2276 597 2316 IV.
629 2278 690 2325 14,
720 2278 757 2316 3.
787 2277 849 2318 XI.
882 2278 944 2325 18,
975 2277 1011 2316 7.
1049 2275 1129 2315 XII.
1159 2275 1223 2323 37,
1257 2277 1289 2316 1.
1334 2275 1429 2315 XIII.
1459 2277 1523 2326 30,
1556 2278 1617 2319 10.

206 2341 252 2380 In
280 2341 569 2380 constructione
607 2353 692 2379 esse
728 2356 760 2382 c.
791 2344 869 2382 dat.
899 2345 958 2381 rei
999 2353 1078 2381 una
1120 2341 1275 2380 omissio
1316 2341 1514 2380 invenitur
1553 2340 1618 2382 xl.

209 2404 271 2453 14,
304 2405 354 2443 14
396 2403 514 2456 (quae
556 2406 643 2444 usui
683 2406 936 2455 imperitante
979 2406 1056 2456 eo).
1112 2405 1227 2455 Apud
1268 2405 1476 2444 ablativum
1512 2406 1620 2446 nulla

209 2473 339 2509 exstat
366 2469 536 2517 omissio,
565 2481 644 2509 una
671 2471 813 2519 positio
842 2471 890 2510 H.
920 2471 964 2510 II.
993 2471 1043 2510 37
1050 2501 1058 2518 ,
1078 2471 1128 2510 10
1156 2468 1250 2521 (qua
1277 2470 1486 2519 prudentia
1514 2469 1617 2522 fuit).

208 2533 328 2583 Apud
356 2533 543 2574 adverbia
570 2545 607 2574 v.
636 2545 666 2573 s.
697 2534 856 2584 ponitur
899 2534 947 2574 A.
977 2535 1019 2574 11.
1049 2534 1122 2583 52,
1151 2533 1203 2574 23
1233 2533 1354 2585 (quod
1381 2557 1431 2562 —-
1460 2535 1619 2585 impune
