1804 2909
732 126 980 163 ..g-

148 232 254 271 dium
292 230 487 280 proposui,
519 233 709 278 tenemus,
748 229 847 269 hanc
871 229 954 270 fere
982 230 1152 270 formare
1182 230 1299 269 velim
1323 228 1470 279 ellipsis
1497 220 1566 269 no-

149 296 309 344 tionem,
339 295 409 335 sed
436 295 494 335 ita
521 298 576 343 ut,
607 306 724 344 quam
744 294 948 343 Zumptius
976 295 1095 344 dedit,
1133 295 1194 334 ius
1222 305 1336 334 suum
1363 294 1472 334 iuxta
1499 292 1588 345 011-.;Δ

148 362 292 401 tineat:
349 360 494 410 Figura
538 359 685 409 ellipsis
722 359 762 399 in
810 360 945 409 lingua
981 360 1104 400 latina
1141 363 1203 399 est
1240 359 1396 399 omissio
1442 358 1590 409 verbi,'

150 425 254 475 quod
281 424 458 471 Romani,
497 427 542 463 ut
570 424 617 462 iis
646 424 894 463 enuntiatum
930 424 1126 473 integrum
1154 424 1217 472 sit,
1256 434 1304 462 ex
1332 424 1568 463 anteceden-

151 487 257 528 tibus
295 487 359 527 vel
397 486 724 538 subsequentibus
767 486 898 527 verbis
940 485 1055 527 facile
1096 487 1159 527 vel
1195 485 1348 526 difficile
1384 486 1568 537 supplere

150 556 347 602 poterant.
414 553 499 599 Qua
533 550 758 591 definitione
787 552 999 591 historicae
1037 552 1179 591 rationi
1207 550 1444 591 satisfecisse
1473 551 1569 591 mihi

151 616 298 665 videor,
337 627 428 655 nam
465 616 520 655 sic
556 615 667 655 nobis
708 618 843 655 manet
878 614 1043 655 facultas
1090 615 1290 656 statuendi
1327 613 1569 665 temporibus
1753 637 1773 677 ἑ

152 681 275 721 variis
302 680 456 720 varium
483 680 746 719 Romanorum
776 680 922 730 ellipsis
952 692 1109 720 sensum
1137 679 1268 720 fuisse.
1776 668 1804 747 {J}

262 744 427 794 Cognito
456 748 601 793 autem,
641 744 707 784 ubi
742 746 794 785 sit
831 746 986 786 omissio
1015 750 1057 786 et
1085 746 1178 796 quid
1205 746 1417 787 debeamus
1444 744 1493 784 de
1522 754 1571 784 ea
1676 792 1695 803 -.
1726 780 1744 804 μ,
1781 750 1804 786 »εἰ

153 809 338 858 iudicare,
383 809 511 849 altera
539 810 718 858 quaestio
760 821 835 849 non
873 811 1033 850 minoris
1071 811 1258 850 momenti
1294 811 1427 858 instat,
1468 807 1571 858 quod
1727 801 1804 866 3⁵3³?ss

154 874 363 915 discrimen
412 874 517 913 inter
558 874 727 923 positum
770 878 811 914 et
854 875 1038 914 omissum
1079 874 1242 913 verbum
1285 873 1571 914 substantivum
1782 886 1804 940 *4

154 938 407 979 statuendum
433 938 496 978 sit.
535 938 674 987 Itaque
703 949 770 977 eos
799 950 953 988 quoque
981 938 1098 986 locos,
1129 938 1194 977 ubi
1218 951 1254 978 v.
1284 937 1571 978 substantivum
1791 934 1803 952 ‘

154 1003 353 1042 invenitur
380 1014 458 1040 non
486 1002 612 1041 minus
641 1007 823 1043 accurate
852 1003 1139 1052 pernoscendos
1177 1014 1263 1043 esse
1290 1004 1426 1053 putavi
1454 1013 1591 1052 quam·

154 1078 234 1115 eos,
262 1066 329 1105 ubi
357 1078 392 1107 v.
420 1066 706 1106 substantivum
735 1067 857 1115 deest,
888 1067 1012 1106 solum
1030 1067 1236 1116 dialogum,
1266 1067 1409 1117 quippe
1437 1066 1477 1106 in
1494 1077 1571 1116 quo
1625 1084 1628 1087 ⁴
1766 1061 1804 1104 εἷς

154 1131 369 1182 positiones
411 1143 448 1169 v.
481 1130 603 1170 subst.
648 1131 863 1180 plurimae,
908 1131 1136 1171 omissiones
1163 1143 1280 1171 rarae
1309 1132 1407 1181 sint,
1444 1131 1573 1170 minus

156 1198 339 1236 accurate
355 1195 395 1234 in
411 1205 459 1234 ea
473 1206 518 1234 re
539 1196 704 1235 tractari
728 1207 841 1245 posse
870 1200 993 1237 ratus.
1011 1219 1063 1224 -—
1078 1196 1156 1237 Sed
1175 1196 1237 1236 hic
1258 1197 1436 1247 quaestio
1451 1197 1570 1237 attin-

155 1260 284 1309 genda
312 1262 394 1307 est,
454 1270 583 1307 quam,
630 1260 706 1298 etsi
748 1261 911 1309 simplex
961 1261 1160 1310 plerisque
1212 1261 1381 1309 videtur,
1438 1264 1571 1301 tamen

156 1323 481 1373 praetermittere
528 1334 607 1361 non
653 1323 788 1363 debeo.
864 1324 1059 1364 Admonet
1103 1325 1218 1373 enim,
1266 1328 1312 1364 ut
1354 1325 1432 1364 iam
1479 1324 1570 1381 di'ssi’

156 1388 351 1437 Reisigius
365 1400 401 1426 v.
422 1387 578 1427 subst¹¹¹¹¹
598 1399 796 1437 nunquam
813 1390 951 1437 omitti,
981 1390 1048 1429 ubi
1068 1400 1144 1428 non
1163 1389 1214 1428 sit
1232 1389 1380 1438 copula,
1400 1389 1469 1429 sed
1488 1388 1572 1438 ple-

156 1465 246 1492 nam
261 1453 340 1491 vim
353 1452 508 1491 habeat.
533 1452 617 1499 Cui,
639 1452 741 1500 quod
757 1452 806 1490 ad
824 1453 999 1491 Tacitum
1018 1452 1174 1502 quidem
1193 1453 1348 1500 attinet,
1370 1452 1571 1492 Storchius

156 1518 363 1565 repugnat,
392 1515 458 1565 qui
486 1527 524 1564 p.
545 1516 593 1554 14
620 1515 660 1554 in
688 1515 832 1554 talibus
861 1516 1086 1564 enuntiatis,
1122 1519 1167 1555 ut
1182 1515 1344 1566 estG*)
1377 1517 1437 1564 10,
1468 1516 1571 1565 quod

157 1591 278 1630 supra
304 1579 473 1627 laudavi,
503 1579 544 1617 in
564 1578 703 1628 quibus
719 1592 804 1617 esse
819 1579 942 1627 deest,
972 1592 1007 1620 V.
1030 1580 1222 1619 existendi
1250 1591 1336 1620 esse
1359 1580 1571 1620 contendit.

159 1644 245 1692 Qua
285 1643 333 1683 de
376 1654 420 1682 re
463 1643 690 1692 priusquam
741 1643 894 1692 longius
935 1643 1244 1693 progrediamur,
1287 1642 1571 1685 dubitationem

157 1708 298 1749 tollere
327 1720 425 1757 opus
453 1711 526 1747 est.
575 1708 739 1747 Praesto
769 1712 860 1747 sunt
887 1709 982 1748 mihi
1011 1709 1086 1747 duo
1114 1709 1455 1757 grammaticorum
1484 1709 1569 1757 loci,

157 1784 323 1823 quorum
350 1772 453 1812 alter
481 1774 612 1811 exstat
648 1773 752 1821 apud
780 1772 993 1822 Reisigium
1031 1773 1064 1823 Q.
1094 1773 1184 1821 224,
1223 1772 1352 1813 adnot.
1384 1773 1474 1822 392,
1504 1773 1571 1813 ubi

157 1837 367 1887 exponitur
380 1849 417 1876 V.
433 1836 590 1876 substffl
619 1847 705 1875 esse
727 1849 762 1875 v,
784 1837 989 1884 existendi,
1020 1838 1052 1875 si
1074 1848 1160 1890 cum
1184 1837 1368 1877 adverbio
1389 1838 1568 1878 coniunc-

157 1905 241 1941 tum
269 1901 331 1949 sit,
371 1903 416 1940 ut
444 1900 536 1939 Sall.
575 1899 658 1949 Iug.
699 1900 761 1948 87,
800 1901 826 1938 4
856 1900 1078 1949 (Romanos,
1109 1900 1222 1940 sicuti
1257 1901 1467 1951 plerosque
1504 1914 1567 1943 re-

158 1968 265 2004 moto
293 1967 403 2003 metu
441 1964 567 2002 laxius
604 1964 862 2012 licentiusque
901 1962 1070 2014 futuros)
1108 1964 1186 2002 Cic.
1224 1975 1295 2011 pro
1332 1965 1444 2004 Rosc.
1473 1964 1569 2004 Am.

159 2028 192 2077 Q.
226 2027 288 2075 11,
319 2026 423 2066 alter
444 2026 548 2076 apud
569 2025 742 2065 Gossrau
771 2027 803 2077 Q.
825 2026 888 2075 23,
919 2027 955 2075 9,
978 2027 1003 2066 3
1031 2027 1162 2067 adnot.
1178 2028 1214 2076 2,
1243 2027 1310 2067 ubi
1339 2041 1424 2067 esse
1452 2029 1571 2069 etiam

158 2093 198 2131 111
227 2092 333 2131 hisce
363 2091 715 2130 constructionibus
745 2104 829 2129 esse
858 2094 897 2129 in
935 2094 1033 2139 loco,
1063 2094 1103 2129 in
1130 2105 1267 2142 maqno
1295 2094 1450 2140 honore,
1486 2106 1571 2133 esse

157 2157 266 2195 multi
295 2156 458 2203 laboris,
498 2168 572 2205 pro
601 2157 708 2194 hoste
747 2155 910 2195 verbum
949 2156 1142 2196 existendi
1180 2167 1266 2197 esse
1309 2157 1580 2199 contenditur.⁴

159 2221 342 2260 Dubitari
379 2224 512 2260 autem
541 2232 618 2260 non
647 2223 789 2270 potest,
826 2220 919 2269 quin
955 2233 987 2259 v,
1033 2220 1187 2260 substum
1217 2222 1354 2271 copula
1381 2223 1443 2271 sit,
1485 2223 1570 2263 ubi-

159 2295 311 2333 cunque
339 2296 480 2323 nomen
500 2285 716 2333 praedicati
739 2284 1054 2333 (substantivum,
1078 2285 1323 2335 adiectivum,
1342 2298 1568 2336 pronomen,

158 2347 379 2396 numerale)
411 2359 497 2387 cum
526 2348 700 2387 subiecto
730 2348 939 2396 coniungit,
970 2349 1073 2397 quod
1102 2349 1259 2398 quidem
1286 2350 1413 2399 ipsum
1427 2362 1570 2391 nomen

246 2443 274 2485 ·)
320 2443 348 2477 G
360 2456 401 2471 =
415 2443 601 2476 Germania.
649 2444 724 2484 Agr,
741 2457 780 2472 =
795 2443 959 2485 Agricola.
1005 2444 1035 2476 D
1049 2458 1089 2473 =
1103 2444 1263 2487 dlalogus.
1304 2447 1336 2479 H
1349 2460 1387 2475 =
1402 2447 1571 2481 Historiae

159 2498 187 2529 Α
200 2509 241 2527 -τ
254 2496 412 2529 Annales.
