1804 2909
729 162 821 178 -—
877 150 1033 190 25¹—

299 254 456 293 Positae
476 256 626 304 formae
645 258 748 305 fuit
776 259 816 295 in
835 257 1144 306 coniunqialione
1161 256 1449 305 periphrastica
1468 267 1598 297 exem-

192 318 299 369 plum
325 329 402 358 non
429 318 564 359 habeo.
621 320 773 361 Omissa
809 322 965 361 videtur
1001 332 1089 361 esse
1124 324 1287 370 propter
1324 332 1491 371 sequens
1518 322 1596 370 fuit

191 381 242 421 H.
271 382 322 422 ΙΙ.
351 383 415 431 44,
445 383 470 422 2
507 384 753 434 (immensum
781 385 820 423 id
848 385 1035 433 spatium,
1079 384 1303 423 obstructae
1345 387 1477 433 strage
1514 395 1598 423 cor-

192 458 332 497 porum
359 447 445 488 viae
474 460 549 499 quo
577 449 666 499 plus
694 448 832 488 caedes
861 447 965 498 fuit).
1023 447 1167 487 Contra
1194 448 1243 487 H.
1260 447 1326 487 IV.
1355 449 1392 497 6,
1409 448 1433 487 6
1455 448 1596 498 (primo

192 512 322 552 minax
360 516 560 553 certamen
597 517 638 552 et
679 514 849 562 egregiis
900 513 1104 562 utriusque
1147 512 1387 551 orationibus
1428 516 1599 551 tutatum

196 586 285 615 mox
325 598 378 605 —
419 577 549 617 omisit
590 576 762 627 Priscus)
804 576 984 617 Heraeus
1024 580 1133 616 recte
1176 576 1502 616 constructionem
1543 576 1599 616 ita

195 639 480 689 interpretatus
501 645 562 680 est
581 645 700 690 atque
721 642 908 690 exemplis
933 640 1122 689 firmavit,
1153 643 1197 679 ut
1215 640 1336 679 verba
1357 645 1600 678 certamen—

190 708 365 742 testatum
394 703 588 744 obiectum
616 704 726 744 verbi
755 707 881 743 omisit
908 705 998 744 sint.
1028 727 1079 732 —
1109 706 1280 745 Puer-am.
1311 705 1351 743 in
1378 704 1476 744 coni.
1505 715 1592 754 per.

139 776 141 778 ·
190 768 360 817 positum
388 772 449 808 est
477 769 525 807 H.
556 769 586 807 I.
615 769 679 817 49,
708 770 746 808 4.
775 769 819 807 A.
852 768 920 807 III.
951 770 1013 817 31,
1044 770 1081 808 2.
1121 769 1224 808 XIV.
1255 769 1318 817 28,
1350 770 1386 818 7,
1417 769 1600 808 omissum

191 843 381 882 nusquam
409 832 565 872 videtur
593 843 692 872 esse.

297 896 406 937 Haec
433 896 517 937 fere
547 901 637 937 sunt
665 898 855 947 exempla,
885 910 985 948 quae
1014 910 1062 938 ex
1100 898 1369 948 coniugatione
1397 897 1601 948 periphra-

191 962 289 1001 stica
337 965 495 1011 praesto
551 962 688 1002 habeo.
768 963 877 1011 Quod
937 966 1070 1002 autem
1121 963 1471 1013 comparationem'
1508 974 1595 1002 cum

190 1025 352 1076 reliquis
394 1026 648 1076 scriptoribus
690 1027 855 1076 attinet,
899 1028 1003 1077 apud
1042 1028 1194 1067 Livium
1236 1031 1278 1067 et
1313 1026 1519 1076 Virgilium
1559 1027 1600 1066 in

195 1091 408 1129 enuntiatis
461 1091 700 1130 secundariis
764 1102 907 1140 paucas
963 1092 1189 1131 omissiones
1233 1092 1273 1130 in
1330 1091 1601 1140 coniugatione

196 1154 484 1205 periphrastica
520 1156 688 1195 inveniri
722 1168 841 1206 supra
879 1156 984 1206 (pag.
1016 1155 1082 1206 17)
1125 1155 1399 1195 demonstravi.
1456 1154 1603 1195 Contra

190 1219 295 1269 apud
322 1219 549 1259 Sallustium
577 1220 803 1260 omissiones
844 1221 884 1260 in
918 1220 1130 1260 enuntiatis
1168 1220 1408 1260 secundariis
1436 1231 1514 1259 non
1541 1220 1599 1259 in-

190 1283 413 1324 veniuntur.
471 1284 567 1324 Cum
596 1296 689 1324 vero
727 1297 860 1325 omnes
899 1285 1125 1325 omissiones
1154 1285 1342 1325 eiusmodi
1370 1288 1463 1324 ante
1491 1284 1601 1323 Taci-

192 1352 277 1388 tum
303 1361 419 1388 rarae
448 1349 568 1389 fuisse
596 1349 813 1398 videantur,
844 1361 1078 1399 quamquam
1105 1350 1288 1390 Romanis
1307 1349 1491 1399 frequens
1508 1360 1601 1387 usus

192 1412 389 1453 Tacitinus
417 1414 500 1454 sine
529 1414 645 1453 dubio
673 1414 840 1454 maxime
868 1425 990 1453 novus
1017 1413 1107 1464 fuit,
1149 1419 1301 1463 tamen,
1331 1425 1418 1453 cum
1445 1416 1602 1462 tempus

192 1477 449 1527 supplendum
486 1489 641 1526 semper
668 1477 751 1517 fere
781 1478 928 1516 clarum
956 1478 1017 1525 sit,
1048 1489 1203 1517 sensum
1221 1477 1435 1526 legentium
1452 1476 1602 1515 laesum

196 1552 282 1580 esse
311 1541 473 1590 cogitari
502 1553 579 1580 non
607 1541 736 1580 debet.
793 1541 918 1590 Magis
947 1544 1080 1580 autem
1108 1553 1224 1591 quam
1260 1542 1300 1580 in
1328 1539 1601 1589 coniugatione

192 1604 503 1654 periphrastica,
546 1605 650 1654 apud
685 1616 836 1653 nomen,
881 1605 973 1655 quid
1010 1605 1133 1644 Taciti
1174 1605 1375 1654 proprium
1416 1604 1468 1643 sit
1508 1615 1599 1653 per-

194 1670 378 1720 spicitur,
408 1669 447 1709 id
475 1669 577 1719 quod
605 1680 706 1709 nunc
733 1669 945 1709 videamus.

877 1768 915 1806 4.

192 1843 227 1875 b.
271 1843 326 1876 De
349 1852 424 1875 usu
445 1843 656 1883 temporum
685 1841 980 1882 praeteritorum
1002 1842 1109 1873 verbi
1140 1842 1378 1874 substantivi
1407 1843 1601 1883 quatenns

327 1898 429 1937 apud
450 1904 596 1933 nomen,
620 1896 859 1934 adiectivum,
883 1902 1000 1927 casus
1022 1895 1193 1936 obliquos
1216 1897 1290 1927 ete.
1314 1896 1457 1928 exstat.

404 1953 432 1983 1.
476 1950 531 1983 De
553 1949 764 1982 enuntiatis
785 1949 978 1989 primariis
1034 1961 1062 1980 α.
1086 1950 1141 1981 De
1162 1948 1394 1989 imperfecto.

302 2015 532 2065 Priusquam
571 2014 722 2064 singula
759 2014 1054 2064 aggrediamur,
1089 2013 1262 2053 nonnulli
1299 2014 1452 2053 numeri
1480 2026 1600 2064 gene-

194 2079 316 2120 ralem
344 2091 457 2119 usum
492 2079 781 2119 demonstrent:
1152 2077 1154 2079 ’

794 2152 886 2185 Erat
900 2154 997 2186 deest
1021 2153 1112 2185 Erat
1122 2153 1288 2186 invenitur

845 2197 928 2230 locis
1089 2197 1172 2230 locis

566 2278 616 2316 H.
632 2278 651 2316 I
801 2279 967 2318 XXXVI
1067 2279 1160 2318 XIX

565 2331 614 2370 H.
631 2331 670 2370 Π
802 2332 971 2373 XXVIII
1067 2332 1179 2372 XVII

566 2385 612 2424 A.
630 2385 659 2423 Ι.
802 2387 934 2426 XXIII
1068 2386 1164 2425 XIII

567 2439 613 2477 A.
628 2438 735 2477 XIII.
802 2440 861 2479 ΠΙ
1068 2440 1161 2479 VIII

569 2492 614 2531 A.
630 2492 713 2532 XV.
803 2494 858 2532 IX
1067 2494 1144 2533 XII
