1804 2909
756 149 1025 187 „22—

174 254 424 303 participium
463 254 628 303 perfecti
665 254 809 303 passivi
852 258 984 294 autem
1039 266 1163 304 aequo
1218 256 1302 296 fere
1347 269 1509 298 numero
1554 259 1596 296 et

174 317 335 367 ponitur
389 320 431 357 et
481 317 677 357 omittitur
726 317 889 357 verbum
939 318 1094 359 subst¹¹¹¹¹
1151 322 1270 370 atque
1326 320 1367 359 in
1417 323 1595 371 tempore

175 382 388 431 praesenti.
461 381 539 421 Sed
587 382 627 421 id
678 381 831 420 firmum
875 383 1032 423 videtur
1081 394 1180 432 esse,
1227 396 1305 423 non
1351 384 1465 425 facile
1521 386 1595 425 Ta-

177 445 299 485 citum
337 451 422 485 erat
465 446 661 494 omittere,
709 446 784 485 nisi
831 446 936 486 clara
978 448 1166 497 temporis
1217 447 1445 498 significatio
1484 452 1595 490 ante—

179 510 293 550 cedat
329 510 391 550 vel
429 510 704 561 subsequatur.
762 510 854 551 Sola
891 513 1069 562 exceptio
1106 515 1264 552 exstare
1302 512 1460 553 videtur
1486 513 1533 553 A.
1563 513 1593 553 Ι.

177 575 230 615 65
260 574 489 625 (enisaeque
518 575 692 624 legiones
720 580 1022 625 vesperascente
1060 577 1122 616 die
1151 577 1191 615 in
1220 579 1359 625 aperta
1388 579 1429 616 et
1456 577 1591 617 solida.

176 649 304 688 neque
348 638 382 677 is
426 638 676 677 miserarium
731 637 829 678 finis.
886 641 1116 679 struendum
1179 640 1347 689 vallum,
1398 641 1595 691 petendus
1628 679 1630 681 ,

177 713 301 751 agger
329 703 396 753 —)
426 703 493 741 ubi
521 701 739 752 perfectum
774 704 980 752 enisaeque
1009 707 1054 743 ut
1087 708 1177 753 post
1210 706 1310 754 finis
1347 705 1595 754 suppleamus

173 767 252 816 fuit
288 777 359 805 nos
402 768 628 805 commovet.
692 765 769 805 Sed
809 769 898 815 post
938 768 1177 816 struendum,
1209 769 1412 818 petendus,
1455 768 1595 819 quibus

173 831 306 870 verbis
333 831 515 870 miseriae
551 829 836 878 describuntur,
876 842 1055 880 quaeque
1094 832 1267 871 actiones
1303 843 1390 871 cum
1426 832 1594 872 miseriis

176 894 273 933 item
313 896 468 943 tempus
508 894 688 943 explent,
734 898 819 932 erat
857 894 1041 943 supplere
1078 895 1222 934 malim.
1280 895 1344 946 (cf.
1382 896 1431 935 ad
1467 897 1513 935 A.
1542 896 1592 935 Π.

179 958 242 1006 22,
276 959 310 1005 1,
340 970 377 1006 p.
410 956 489 1008 19).
547 957 694 996 Contra
722 958 769 996 iis
797 958 901 1005 locis,
932 957 998 996 ubi
1029 964 1115 996 erat
1142 959 1353 1007 invenitur,
1392 970 1510 1008 saepe
1547 970 1595 999 ea

172 1020 301 1061 forma
329 1021 411 1061 sola
440 1021 628 1072 temporis
659 1020 889 1071 significatio
918 1024 989 1061 est.
1039 1021 1255 1062 Praeterea
1282 1022 1439 1063 Tacitus
1457 1023 1498 1062 in
1525 1034 1594 1073 po-

175 1086 305 1126 nendo
347 1089 388 1126 et
431 1086 645 1126 omittendo
683 1087 849 1126 eandem
886 1087 1078 1126 rationem
1107 1090 1263 1127 secutus
1301 1087 1457 1127 videtur
1493 1099 1592 1137 esse,

177 1162 296 1200 quam
341 1150 381 1189 in
422 1149 533 1189 infin⁰
560 1154 601 1190 et
644 1151 856 1199 praesenti.
919 1151 1059 1190 Exstat
1101 1151 1203 1190 enim
1246 1156 1331 1189 erat
1372 1151 1592 1200 ubicunque

177 1213 376 1263 emphasis
406 1214 599 1263 quaedam
638 1215 678 1253 in
706 1215 909 1254 enuntiato
937 1215 1147 1263 invenitur,
1186 1215 1225 1254 id
1263 1215 1365 1265 quod
1402 1226 1489 1253 cum
1524 1227 1592 1264 po-

177 1277 319 1317 sitione
334 1277 446 1317 verbi
461 1278 579 1318 substi
614 1281 698 1318 tum
713 1278 915 1328 particulis
930 1279 1117 1328 adpositis
1134 1278 1232 1330 (sed,
1252 1291 1350 1327 nam,
1371 1284 1460 1327 tam,
1482 1279 1593 1327 adeo,

179 1343 263 1379 sive
290 1341 472 1391 aliisque)
503 1342 710 1391 indicatur,
740 1343 853 1381 deest
881 1346 1014 1382 autem
1043 1348 1130 1381 erat
1157 1343 1387 1392 plerumque
1415 1343 1455 1381 in
1473 1354 1595 1382 enun-

182 1404 293 1443 tiatis
321 1405 482 1444 minoris
509 1406 708 1454 momenti,
749 1417 849 1456 quae
880 1406 946 1456 qui
982 1406 1079 1455 legit
1121 1406 1286 1445 celerius
1322 1406 1592 1455 percurrebat.

179 1469 320 1518 Itaque
357 1470 518 1518 ponitur
554 1475 639 1507 erat
680 1470 771 1518 quia
807 1481 908 1508 nova
945 1468 1225 1518 significatione
1267 1470 1456 1519 temporis
1498 1481 1594 1520 opus

177 1536 277 1583 erat,
306 1532 354 1573 A.
376 1534 442 1574 VI.
475 1535 537 1574 18.
571 1534 620 1575 10
649 1533 800 1584 (datum
828 1537 916 1573 erat
944 1533 1112 1584 crimini)
1143 1534 1207 1582 VI,
1245 1533 1308 1582 26,
1341 1533 1402 1574 13.
1431 1533 1498 1573 XI.
1528 1534 1593 1583 36,

179 1599 240 1637 10.
269 1598 377 1636 XIII.
413 1599 476 1645 20,
510 1599 528 1636 1
561 1598 766 1647 (provecta
793 1610 869 1637 nox
891 1602 978 1637 erat
1007 1601 1048 1637 et
1076 1598 1325 1647 trahebatur)
1355 1598 1458 1637 XIV.
1487 1599 1525 1646 5,
1556 1599 1593 1637 2.

176 1662 260 1701 XV.
305 1662 369 1710 44,
403 1663 464 1702 11.
520 1662 667 1701 Positio
710 1661 820 1701 verbi
863 1661 988 1701 substi
1019 1661 1221 1711 emphasin
1263 1662 1409 1701 indicat
1450 1661 1500 1700 Η.
1542 1661 1592 1711 11,

176 1727 240 1774 78,
274 1727 298 1765 2
328 1726 417 1776 (nec
446 1729 533 1765 erat
571 1725 758 1775 intactus)
794 1726 863 1764 III.
903 1727 966 1774 34,
998 1726 1022 1764 2
1061 1725 1230 1776 (condita
1267 1728 1355 1764 erat
1391 1725 1447 1764 Ti.
1485 1724 1593 1764 Sem-

177 1791 314 1841 pronio
351 1790 394 1830 P.
432 1789 613 1830 Cornelio
643 1789 881 1841 consulibus)
918 1790 987 1829 III.
1018 1790 1081 1837 62,
1113 1789 1136 1827 6
1174 1788 1306 1841 (natus
1335 1792 1422 1829 erat
1449 1789 1594 1829 Valens

177 1853 398 1906 Anagniae)
437 1855 540 1904 apud
580 1860 656 1892 tam
701 1860 786 1892 erat
822 1855 992 1903 positum
1028 1857 1089 1894 est
1117 1854 1166 1893 H.
1196 1854 1227 1893 I.
1257 1855 1320 1902 39,
1362 1855 1381 1893 1
1418 1853 1515 1905 (tam
1542 1877 1595 1882 -

181 1918 391 1958 adsecutus
420 1917 545 1970 erat),
576 1918 680 1968 apud
708 1930 794 1956 nam
830 1919 878 1957 H.
917 1918 985 1957 III.
1016 1919 1079 1967 31,
1119 1919 1154 1957 9.
1184 1918 1230 1956 A.
1260 1917 1329 1956 III.
1360 1918 1396 1965 7,
1435 1918 1460 1958 5
1489 1916 1595 1969 (nam

182 1982 385 2032 vulgatum
413 1981 517 2034 erat)
546 1982 612 2031 IV,
642 1983 706 2031 21,
736 1983 773 2021 4.
816 1983 923 2023 XIII.
957 1984 1018 2031 15,
1051 1983 1112 2022 19.
1141 1982 1244 2022 XIV.
1278 1983 1338 2031 12,
1370 1983 1432 2022 19.
1461 1982 1525 2032 25,
1555 1984 1593 2023 3.

177 2047 281 2087 XVI.
324 2048 361 2088 8.
400 2048 437 2096 4,
483 2048 587 2097 apud
630 2048 729 2086 adeo
771 2047 816 2086 A.
854 2048 884 2086 I.
926 2048 989 2096 50,
1021 2048 1071 2087 13
1109 2048 1224 2097 (adeo
1270 2049 1408 2086 cuncta
1445 2046 1595 2087 incuria

182 2111 345 2150 disiecta
374 2111 517 2161 erant),
548 2112 651 2161 apud
679 2112 751 2149 sed
777 2112 878 2150 XIV.
910 2112 971 2159 62,
1003 2111 1039 2149 3.
1068 2134 1120 2138 -
1149 2111 1189 2150 Si
1219 2112 1350 2149 autem
1388 2121 1454 2148 eos
1490 2110 1594 2150 locos

154 2175 415 2225 inspicimus,
446 2175 585 2226 quibus
614 2181 698 2214 erat
727 2176 987 2224 desideratur,
1017 2176 1192 2215 videmus
1222 2186 1289 2214 eos
1311 2186 1465 2224 semper
1493 2175 1594 2215 tales

179 2249 279 2287 esse,
308 2241 353 2278 ut
380 2240 554 2279 narratio
583 2251 656 2289 per
684 2240 857 2289 quietem
887 2243 1093 2290 procurrat
1127 2250 1255 2288 neque
1289 2238 1369 2277 ulla
1397 2238 1593 2288 emphasis

179 2301 424 2342 exhibeatur.
486 2303 596 2351 Quod
637 2304 793 2353 quidem
835 2307 879 2343 ut
919 2304 1059 2343 clarius
1097 2305 1402 2352 pernosceretur
1439 2314 1594 2352 semper

179 2369 307 2406 totum
335 2368 620 2406 sententiarum
640 2379 853 2406 connexum
875 2368 1012 2417 inspici
1040 2368 1244 2416 oporteret
1272 2376 1399 2415 neque
1427 2367 1593 2406 multum

180 2429 351 2470 fructum
378 2442 441 2470 me
470 2433 675 2481 capturum
704 2443 790 2472 esse
819 2432 959 2481 sentio,
989 2432 1023 2471 si
1050 2432 1154 2471 locos
1185 2429 1458 2472 exscriberem.
1516 2431 1594 2472 Sed

180 2498 252 2539 hoc
281 2509 400 2538 unum
438 2497 592 2546 adnoto,
622 2496 800 2547 plurimis
834 2497 909 2536 illis
937 2496 1030 2536 locis
1059 2496 1270 2546 particulas
1300 2497 1486 2545 causales,
1525 2496 1592 2536 ad-
