<?xml version="1.0" encoding="UTF-8"?>
<!DOCTYPE html PUBLIC "-//W3C//DTD XHTML 1.0 Transitional//EN"
    "http://www.w3.org/TR/xhtml1/DTD/xhtml1-transitional.dtd">
<html xmlns="http://www.w3.org/1999/xhtml" xml:lang="en" lang="en">
 <head>
  <title>
</title>
<meta http-equiv="Content-Type" content="text/html;charset=utf-8" />
  <meta name='ocr-system' content='tesseract 3.04.00' />
  <meta name='ocr-capabilities' content='ocr_page ocr_carea ocr_par ocr_line ocrx_word'/>
</head>
<body>
  <div class='ocr_page' id='page_1' title='image "4737239_0031.png"; bbox 0 0 1804 2909; ppageno 0'>
   <div class='ocr_carea' id='block_1_1' title="bbox 0 0 461 334">
    <p class='ocr_par' dir='ltr' id='par_1_1' title="bbox 0 0 461 334">
     <span class='ocr_line' id='line_1_1' title="bbox 0 0 461 334; baseline 0 0"><span class='ocrx_word' id='word_1_1' title='bbox 0 0 461 334; x_wconf 95' lang='lat' dir='ltr'>   </span> 
     </span>
    </p>
   </div>
   <div class='ocr_carea' id='block_1_2' title="bbox 0 2733 198 2909">
    <p class='ocr_par' dir='ltr' id='par_1_2' title="bbox 0 2733 198 2909">
     <span class='ocr_line' id='line_1_2' title="bbox 0 2733 198 2909; baseline 0 0"><span class='ocrx_word' id='word_1_2' title='bbox 0 2733 198 2909; x_wconf 95' lang='lat' dir='ltr'> </span> 
     </span>
    </p>
   </div>
   <div class='ocr_carea' id='block_1_3' title="bbox 783 133 1047 172">
    <p class='ocr_par' dir='ltr' id='par_1_3' title="bbox 783 133 1047 172">
     <span class='ocr_line' id='line_1_3' title="bbox 783 133 1047 172; baseline 0 -11"><span class='ocrx_word' id='word_1_3' title='bbox 783 133 1047 172; x_wconf 60' lang='lat'><strong>—17-</strong></span> 
     </span>
    </p>
   </div>
   <div class='ocr_carea' id='block_1_4' title="bbox 158 234 1621 409">
    <p class='ocr_par' dir='ltr' id='par_1_4' title="bbox 158 234 1621 409">
     <span class='ocr_line' id='line_1_4' title="bbox 161 234 1614 290; baseline -0.001 -11"><span class='ocrx_word' id='word_1_4' title='bbox 161 261 163 264; x_wconf 60' lang='lat'>&lt;</span> <span class='ocrx_word' id='word_1_5' title='bbox 190 246 192 248; x_wconf 78' lang='grc'>’</span> <span class='ocrx_word' id='word_1_6' title='bbox 212 239 402 289; x_wconf 75' lang='lat' dir='ltr'>clamores</span> <span class='ocrx_word' id='word_1_7' title='bbox 432 236 596 290; x_wconf 82' lang='lat' dir='ltr'>(etenim</span> <span class='ocrx_word' id='word_1_8' title='bbox 622 237 717 280; x_wconf 92' lang='lat' dir='ltr'>haec</span> <span class='ocrx_word' id='word_1_9' title='bbox 738 243 826 280; x_wconf 89' lang='lat' dir='ltr'>erat</span> <span class='ocrx_word' id='word_1_10' title='bbox 854 234 1056 285; x_wconf 74' lang='grc' dir='ltr'><em>ὑπόθεσις</em></span> <span class='ocrx_word' id='word_1_11' title='bbox 1081 239 1130 278; x_wconf 90' lang='lat' dir='ltr'>de</span> <span class='ocrx_word' id='word_1_12' title='bbox 1158 238 1354 288; x_wconf 84' lang='lat' dir='ltr'>gravitate</span> <span class='ocrx_word' id='word_1_13' title='bbox 1373 238 1519 278; x_wconf 84' lang='lat' dir='ltr'><strong>ordinis</strong></span> <span class='ocrx_word' id='word_1_14' title='bbox 1540 241 1614 278; x_wconf 89' lang='lat' dir='ltr'>etc.</span> 
     </span>
     <span class='ocr_line' id='line_1_5' title="bbox 158 302 1621 355; baseline 0 -12"><span class='ocrx_word' id='word_1_15' title='bbox 158 329 166 355; x_wconf 70' lang='lat'>3</span> <span class='ocrx_word' id='word_1_16' title='bbox 212 326 266 332; x_wconf 92' lang='lat'>--</span> <span class='ocrx_word' id='word_1_17' title='bbox 291 303 395 343; x_wconf 87' lang='lat' dir='ltr'>nosti</span> <span class='ocrx_word' id='word_1_18' title='bbox 421 303 499 343; x_wconf 89' lang='lat' dir='ltr'>iam</span> <span class='ocrx_word' id='word_1_19' title='bbox 526 304 566 342; x_wconf 92' lang='lat' dir='ltr'>in</span> <span class='ocrx_word' id='word_1_20' title='bbox 603 303 674 344; x_wconf 92' lang='lat' dir='ltr'>hac</span> <span class='ocrx_word' id='word_1_21' title='bbox 706 305 874 344; x_wconf 88' lang='lat' dir='ltr'>materia</span> <span class='ocrx_word' id='word_1_22' title='bbox 911 305 1062 343; x_wconf 89' lang='lat' dir='ltr'>sonitus</span> <span class='ocrx_word' id='word_1_23' title='bbox 1098 302 1269 354; x_wconf 87' lang='lat' dir='ltr'>nostros)</span> <span class='ocrx_word' id='word_1_24' title='bbox 1306 302 1502 343; x_wconf 71' lang='lat' dir='ltr'>fuerunt«</span> <span class='ocrx_word' id='word_1_25' title='bbox 1535 304 1621 351; x_wconf 84' lang='lat' dir='ltr'>Qua</span> 
     </span>
     <span class='ocr_line' id='line_1_6' title="bbox 172 366 1620 409; baseline 0.001 -2"><span class='ocrx_word' id='word_1_26' title='bbox 172 366 443 407; x_wconf 62' lang='lat' dir='ltr'>&gt;&#39;inmanitate</span> <span class='ocrx_word' id='word_1_27' title='bbox 470 368 664 408; x_wconf 90' lang='lat' dir='ltr'>neminem</span> <span class='ocrx_word' id='word_1_28' title='bbox 692 368 919 408; x_wconf 85' lang='lat' dir='ltr'>Ciceronem</span> <span class='ocrx_word' id='word_1_29' title='bbox 946 367 1194 408; x_wconf 87' lang='lat' dir='ltr'>foedaturum</span> <span class='ocrx_word' id='word_1_30' title='bbox 1235 379 1321 407; x_wconf 89' lang='lat' dir='ltr'>esse</span> <span class='ocrx_word' id='word_1_31' title='bbox 1357 367 1540 409; x_wconf 83' lang='lat' dir='ltr'><strong>arbitror.</strong></span> <span class='ocrx_word' id='word_1_32' title='bbox 1570 390 1620 396; x_wconf 94' lang='lat'><strong>—</strong></span> 
     </span>
    </p>
   </div>
   <div class='ocr_carea' id='block_1_5' title="bbox 212 419 1622 614">
    <p class='ocr_par' dir='ltr' id='par_1_5' title="bbox 212 419 1622 614">
     <span class='ocr_line' id='line_1_7' title="bbox 212 419 1620 483; baseline 0 -12"><span class='ocrx_word' id='word_1_33' title='bbox 212 419 332 481; x_wconf 60' lang='lat' dir='ltr'>Apud.</span> <span class='ocrx_word' id='word_1_34' title='bbox 354 430 558 472; x_wconf 86' lang='lat' dir='ltr'>historicos</span> <span class='ocrx_word' id='word_1_35' title='bbox 586 433 784 483; x_wconf 90' lang='lat' dir='ltr'>complura</span> <span class='ocrx_word' id='word_1_36' title='bbox 811 433 942 472; x_wconf 87' lang='lat' dir='ltr'>inveni</span> <span class='ocrx_word' id='word_1_37' title='bbox 970 433 1159 482; x_wconf 87' lang='lat' dir='ltr'>exempla.</span> <span class='ocrx_word' id='word_1_38' title='bbox 1213 431 1290 471; x_wconf 84' lang='lat' dir='ltr'>Sed</span> <span class='ocrx_word' id='word_1_39' title='bbox 1318 443 1473 481; x_wconf 86' lang='lat' dir='ltr'>semper</span> <span class='ocrx_word' id='word_1_40' title='bbox 1499 432 1620 471; x_wconf 90' lang='lat' dir='ltr'>verbo</span> 
     </span>
     <span class='ocr_line' id='line_1_8' title="bbox 213 495 1619 547; baseline 0 -12"><span class='ocrx_word' id='word_1_41' title='bbox 213 495 301 544; x_wconf 83' lang='lat' dir='ltr'>alio,</span> <span class='ocrx_word' id='word_1_42' title='bbox 331 497 433 547; x_wconf 85' lang='lat' dir='ltr'>quod</span> <span class='ocrx_word' id='word_1_43' title='bbox 460 509 582 547; x_wconf 86' lang='lat' dir='ltr'>prope</span> <span class='ocrx_word' id='word_1_44' title='bbox 611 500 751 545; x_wconf 88' lang='lat' dir='ltr'>exstat,</span> <span class='ocrx_word' id='word_1_45' title='bbox 792 499 947 546; x_wconf 90' lang='lat' dir='ltr'>tempus</span> <span class='ocrx_word' id='word_1_46' title='bbox 983 497 1244 545; x_wconf 88' lang='lat' dir='ltr'>praeteritum</span> <span class='ocrx_word' id='word_1_47' title='bbox 1282 500 1463 536; x_wconf 87' lang='lat' dir='ltr'>accurate</span> <span class='ocrx_word' id='word_1_48' title='bbox 1501 497 1619 546; x_wconf 85' lang='lat' dir='ltr'>signi-</span> 
     </span>
     <span class='ocr_line' id='line_1_9' title="bbox 213 558 1622 614; baseline 0 -15"><span class='ocrx_word' id='word_1_49' title='bbox 213 558 369 614; x_wconf 82' lang='lat' dir='ltr'>ficatum</span> <span class='ocrx_word' id='word_1_50' title='bbox 408 565 481 600; x_wconf 87' lang='lat' dir='ltr'>est.</span> <span class='ocrx_word' id='word_1_51' title='bbox 536 562 594 600; x_wconf 87' lang='lat' dir='ltr'>Ex</span> <span class='ocrx_word' id='word_1_52' title='bbox 628 563 740 599; x_wconf 82' lang='lat' dir='ltr'>Livio</span> <span class='ocrx_word' id='word_1_53' title='bbox 777 561 897 609; x_wconf 85' lang='lat' dir='ltr'>igitur</span> <span class='ocrx_word' id='word_1_54' title='bbox 935 560 1073 609; x_wconf 83' lang='lat' dir='ltr'>collegi</span> <span class='ocrx_word' id='word_1_55' title='bbox 1106 561 1211 608; x_wconf 91' lang='lat' dir='ltr'>XXI,</span> <span class='ocrx_word' id='word_1_56' title='bbox 1250 561 1287 607; x_wconf 90' lang='lat'>4,</span> <span class='ocrx_word' id='word_1_57' title='bbox 1326 561 1350 599; x_wconf 93' lang='grc'>6</span> <span class='ocrx_word' id='word_1_58' title='bbox 1385 559 1540 612; x_wconf 89' lang='lat' dir='ltr'>(caloris</span> <span class='ocrx_word' id='word_1_59' title='bbox 1577 570 1622 599; x_wconf 64' lang='lat' dir='ltr'>a&#39;c</span> 
     </span>
    </p>
   </div>
   <div class='ocr_carea' id='block_1_6' title="bbox 55 623 1622 809">
    <p class='ocr_par' dir='ltr' id='par_1_6' title="bbox 55 623 1622 809">
     <span class='ocr_line' id='line_1_10' title="bbox 203 623 1621 677; baseline 0.001 -15"><span class='ocrx_word' id='word_1_60' title='bbox 203 623 368 675; x_wconf 75' lang='lat' dir='ltr'>,frigoris</span> <span class='ocrx_word' id='word_1_61' title='bbox 395 626 587 675; x_wconf 88' lang='lat' dir='ltr'>patientia</span> <span class='ocrx_word' id='word_1_62' title='bbox 607 625 695 675; x_wconf 90' lang='lat' dir='ltr'>par)</span> <span class='ocrx_word' id='word_1_63' title='bbox 725 624 791 664; x_wconf 92' lang='lat' dir='ltr'>ubi</span> <span class='ocrx_word' id='word_1_64' title='bbox 813 630 899 662; x_wconf 83' lang='lat' dir='ltr'>erat</span> <span class='ocrx_word' id='word_1_65' title='bbox 918 625 1126 673; x_wconf 80' lang='lat' dir='ltr'>antecedit,</span> <span class='ocrx_word' id='word_1_66' title='bbox 1149 627 1189 664; x_wconf 92' lang='lat' dir='ltr'>et</span> <span class='ocrx_word' id='word_1_67' title='bbox 1209 624 1313 665; x_wconf 87' lang='lat' dir='ltr'>XXI.</span> <span class='ocrx_word' id='word_1_68' title='bbox 1335 625 1372 673; x_wconf 87' lang='lat'>4,</span> <span class='ocrx_word' id='word_1_69' title='bbox 1394 625 1418 664; x_wconf 88' lang='grc'>8</span> <span class='ocrx_word' id='word_1_70' title='bbox 1439 623 1621 677; x_wconf 91' lang='lat' dir='ltr'>(vestitus</span> 
     </span>
     <span class='ocr_line' id='line_1_11' title="bbox 55 688 1622 751; baseline 0 -23"><span class='ocrx_word' id='word_1_71' title='bbox 55 748 57 751; x_wconf 9' lang='grc' dir='ltr'>ᾖ</span> <span class='ocrx_word' id='word_1_72' title='bbox 147 697 149 699; x_wconf 83' lang='grc'><strong>’</strong></span> <span class='ocrx_word' id='word_1_73' title='bbox 211 688 308 728; x_wconf 86' lang='lat' dir='ltr'>nihil</span> <span class='ocrx_word' id='word_1_74' title='bbox 335 690 440 729; x_wconf 86' lang='lat' dir='ltr'>inter</span> <span class='ocrx_word' id='word_1_75' title='bbox 468 690 653 739; x_wconf 82' lang='lat' dir='ltr'>aequales</span> <span class='ocrx_word' id='word_1_76' title='bbox 682 688 903 740; x_wconf 83' lang='lat' dir='ltr'>excellens),</span> <span class='ocrx_word' id='word_1_77' title='bbox 941 689 1008 728; x_wconf 93' lang='lat' dir='ltr'>ubi</span> <span class='ocrx_word' id='word_1_78' title='bbox 1044 690 1379 737; x_wconf 76' lang='lat' dir='ltr'>conspiciebantur</span> <span class='ocrx_word' id='word_1_79' title='bbox 1406 701 1527 739; x_wconf 92' lang='lat' dir='ltr'>prope</span> <span class='ocrx_word' id='word_1_80' title='bbox 1556 700 1622 728; x_wconf 82' lang='lat' dir='ltr'>ex-</span> 
     </span>
     <span class='ocr_line' id='line_1_12' title="bbox 134 753 1622 809; baseline 0 -17"><span class='ocrx_word' id='word_1_81' title='bbox 134 773 147 783; x_wconf 69' lang='lat'>·</span> <span class='ocrx_word' id='word_1_82' title='bbox 214 756 306 803; x_wconf 85' lang='lat' dir='ltr'>stat.</span> <span class='ocrx_word' id='word_1_83' title='bbox 361 753 481 792; x_wconf 90' lang='lat' dir='ltr'>Plura</span> <span class='ocrx_word' id='word_1_84' title='bbox 510 753 688 802; x_wconf 89' lang='lat' dir='ltr'>exempla</span> <span class='ocrx_word' id='word_1_85' title='bbox 716 753 877 792; x_wconf 90' lang='lat' dir='ltr'>adnotat</span> <span class='ocrx_word' id='word_1_86' title='bbox 905 753 1023 792; x_wconf 84' lang='lat' dir='ltr'>Fabri</span> <span class='ocrx_word' id='word_1_87' title='bbox 1051 754 1100 792; x_wconf 90' lang='lat' dir='ltr'>ad</span> <span class='ocrx_word' id='word_1_88' title='bbox 1127 754 1266 809; x_wconf 89' lang='lat' dir='ltr'>XXIV.</span> <span class='ocrx_word' id='word_1_89' title='bbox 1296 755 1333 803; x_wconf 87' lang='lat'>3,</span> <span class='ocrx_word' id='word_1_90' title='bbox 1364 757 1388 795; x_wconf 94' lang='lat'>2</span> <span class='ocrx_word' id='word_1_91' title='bbox 1419 754 1506 805; x_wconf 83' lang='lat' dir='ltr'>(arx</span> <span class='ocrx_word' id='word_1_92' title='bbox 1533 765 1622 803; x_wconf 89' lang='lat' dir='ltr'>pro-</span> 
     </span>
    </p>
   </div>
   <div class='ocr_carea' id='block_1_7' title="bbox 213 810 1625 933">
    <p class='ocr_par' dir='ltr' id='par_1_7' title="bbox 213 810 1625 933">
     <span class='ocr_line' id='line_1_13' title="bbox 214 810 1625 869; baseline 0 -12"><span class='ocrx_word' id='word_1_93' title='bbox 214 818 276 857; x_wconf 90' lang='lat' dir='ltr'>cul</span> <span class='ocrx_word' id='word_1_94' title='bbox 300 818 388 869; x_wconf 82' lang='lat' dir='ltr'>iis):</span> <span class='ocrx_word' id='word_1_95' title='bbox 418 818 639 866; x_wconf 91' lang='lat' dir='ltr'>„Omissum</span> <span class='ocrx_word' id='word_1_96' title='bbox 653 822 714 858; x_wconf 88' lang='lat' dir='ltr'>est</span> <span class='ocrx_word' id='word_1_97' title='bbox 730 825 826 856; x_wconf 85' lang='lat' dir='ltr'>erat.</span> <span class='ocrx_word' id='word_1_98' title='bbox 842 831 878 857; x_wconf 89' lang='lat' dir='ltr'>v.</span> <span class='ocrx_word' id='word_1_99' title='bbox 907 818 1008 857; x_wconf 87' lang='lat' dir='ltr'>infra</span> <span class='ocrx_word' id='word_1_100' title='bbox 1037 830 1067 856; x_wconf 87' lang='lat' dir='ltr'>c.</span> <span class='ocrx_word' id='word_1_101' title='bbox 1097 819 1161 866; x_wconf 96' lang='lat'>24,</span> <span class='ocrx_word' id='word_1_102' title='bbox 1192 810 1329 868; x_wconf 77' lang='lat' dir='ltr'>2⁸(cui</span> <span class='ocrx_word' id='word_1_103' title='bbox 1359 819 1518 857; x_wconf 86' lang='lat' dir='ltr'>Gelonis</span> <span class='ocrx_word' id='word_1_104' title='bbox 1545 817 1625 856; x_wconf 89' lang='lat' dir='ltr'>filia</span> 
     </span>
     <span class='ocr_line' id='line_1_14' title="bbox 213 882 1621 933; baseline -0.001 -12"><span class='ocrx_word' id='word_1_105' title='bbox 213 882 353 931; x_wconf 88' lang='lat' dir='ltr'>nupta)</span> <span class='ocrx_word' id='word_1_106' title='bbox 382 883 446 930; x_wconf 89' lang='lat'>36,</span> <span class='ocrx_word' id='word_1_107' title='bbox 466 884 492 922; x_wconf 92' lang='lat'><strong>4</strong></span> <span class='ocrx_word' id='word_1_108' title='bbox 521 882 635 933; x_wconf 88' lang='lat' dir='ltr'>(adeo</span> <span class='ocrx_word' id='word_1_109' title='bbox 653 886 819 932; x_wconf 85' lang='lat' dir='ltr'>uterque</span> <span class='ocrx_word' id='word_1_110' title='bbox 840 883 1004 931; x_wconf 85' lang='lat' dir='ltr'>populus</span> <span class='ocrx_word' id='word_1_111' title='bbox 1024 883 1064 920; x_wconf 85' lang='lat' dir='ltr'>in</span> <span class='ocrx_word' id='word_1_112' title='bbox 1084 883 1253 921; x_wconf 83' lang='lat' dir='ltr'>Siciliam</span> <span class='ocrx_word' id='word_1_113' title='bbox 1276 882 1468 932; x_wconf 85' lang='lat' dir='ltr'>intentus)</span> <span class='ocrx_word' id='word_1_114' title='bbox 1486 882 1621 920; x_wconf 91' lang='lat' dir='ltr'>XLIV.</span> 
     </span>
    </p>
   </div>
   <div class='ocr_carea' id='block_1_8' title="bbox 133 946 1624 998">
    <p class='ocr_par' dir='ltr' id='par_1_8' title="bbox 133 946 1624 998">
     <span class='ocr_line' id='line_1_15' title="bbox 133 946 1624 998; baseline -0.001 -11"><span class='ocrx_word' id='word_1_115' title='bbox 133 964 135 967; x_wconf 59' lang='grc'>’</span> <span class='ocrx_word' id='word_1_116' title='bbox 214 947 269 989; x_wconf 87' lang='grc'>30</span> <span class='ocrx_word' id='word_1_117' title='bbox 295 946 347 986; x_wconf 91' lang='lat' dir='ltr'>in.</span> <span class='ocrx_word' id='word_1_118' title='bbox 386 947 568 998; x_wconf 90' lang='lat' dir='ltr'>(novique</span> <span class='ocrx_word' id='word_1_119' title='bbox 607 947 724 987; x_wconf 87' lang='lat' dir='ltr'>duces</span> <span class='ocrx_word' id='word_1_120' title='bbox 751 950 942 987; x_wconf 89' lang='lat' dir='ltr'>venerant</span> <span class='ocrx_word' id='word_1_121' title='bbox 970 970 1021 974; x_wconf 86' lang='lat'>——</span> <span class='ocrx_word' id='word_1_122' title='bbox 1049 947 1207 986; x_wconf 88' lang='lat' dir='ltr'>Anicius</span> <span class='ocrx_word' id='word_1_123' title='bbox 1240 947 1279 986; x_wconf 90' lang='lat' dir='ltr'>in</span> <span class='ocrx_word' id='word_1_124' title='bbox 1316 947 1524 996; x_wconf 81' lang='lat' dir='ltr'>Illyricum,</span> <span class='ocrx_word' id='word_1_125' title='bbox 1563 946 1624 985; x_wconf 91' lang='lat' dir='ltr'>cui</span> 
     </span>
    </p>
   </div>
   <div class='ocr_carea' id='block_1_9' title="bbox 214 1010 1630 2599">
    <p class='ocr_par' dir='ltr' id='par_1_9' title="bbox 214 1010 1630 2599">
     <span class='ocr_line' id='line_1_16' title="bbox 215 1010 1624 1061; baseline -0.001 -11"><span class='ocrx_word' id='word_1_126' title='bbox 215 1010 478 1052; x_wconf 66' lang='lat' dir='ltr'>bellanduml&#39;</span> <span class='ocrx_word' id='word_1_127' title='bbox 492 1013 680 1052; x_wconf 88' lang='lat' dir='ltr'>adversus</span> <span class='ocrx_word' id='word_1_128' title='bbox 710 1012 911 1061; x_wconf 80' lang='lat' dir='ltr'>Gentium)</span> <span class='ocrx_word' id='word_1_129' title='bbox 948 1012 992 1051; x_wconf 90' lang='lat' dir='ltr'>cf.</span> <span class='ocrx_word' id='word_1_130' title='bbox 1023 1012 1072 1051; x_wconf 87' lang='lat' dir='ltr'>ad</span> <span class='ocrx_word' id='word_1_131' title='bbox 1100 1012 1223 1050; x_wconf 88' lang='lat' dir='ltr'>XXII.</span> <span class='ocrx_word' id='word_1_132' title='bbox 1242 1014 1290 1051; x_wconf 80' lang='lat'>31</span> <span class='ocrx_word' id='word_1_133' title='bbox 1309 1014 1436 1051; x_wconf 77' lang='lat' dir='ltr'>ext1·.“</span> <span class='ocrx_word' id='word_1_134' title='bbox 1491 1012 1549 1049; x_wconf 88' lang='lat' dir='ltr'>Ex</span> <span class='ocrx_word' id='word_1_135' title='bbox 1577 1011 1624 1049; x_wconf 93' lang='lat' dir='ltr'>iis</span> 
     </span>
     <span class='ocr_line' id='line_1_17' title="bbox 215 1075 1623 1125; baseline 0 -12"><span class='ocrx_word' id='word_1_136' title='bbox 215 1075 402 1124; x_wconf 84' lang='lat' dir='ltr'>exemplis</span> <span class='ocrx_word' id='word_1_137' title='bbox 444 1087 492 1115; x_wconf 92' lang='lat' dir='ltr'>ea</span> <span class='ocrx_word' id='word_1_138' title='bbox 532 1076 721 1125; x_wconf 89' lang='lat' dir='ltr'>imprimis</span> <span class='ocrx_word' id='word_1_139' title='bbox 763 1076 1030 1115; x_wconf 89' lang='lat' dir='ltr'>memorabilia</span> <span class='ocrx_word' id='word_1_140' title='bbox 1072 1079 1173 1124; x_wconf 90' lang='lat' dir='ltr'>sunt,</span> <span class='ocrx_word' id='word_1_141' title='bbox 1213 1076 1253 1114; x_wconf 92' lang='lat' dir='ltr'>in</span> <span class='ocrx_word' id='word_1_142' title='bbox 1295 1075 1434 1125; x_wconf 92' lang='lat' dir='ltr'>quibus</span> <span class='ocrx_word' id='word_1_143' title='bbox 1468 1078 1623 1123; x_wconf 89' lang='lat' dir='ltr'>tempus</span> 
     </span>
     <span class='ocr_line' id='line_1_18' title="bbox 214 1137 1623 1190; baseline -0.003 -10"><span class='ocrx_word' id='word_1_144' title='bbox 214 1141 475 1190; x_wconf 87' lang='lat' dir='ltr'>praeteritum</span> <span class='ocrx_word' id='word_1_145' title='bbox 502 1142 543 1180; x_wconf 90' lang='lat' dir='ltr'>in</span> <span class='ocrx_word' id='word_1_146' title='bbox 571 1142 775 1181; x_wconf 89' lang='lat' dir='ltr'>enuntiato</span> <span class='ocrx_word' id='word_1_147' title='bbox 795 1140 962 1180; x_wconf 85' lang='lat' dir='ltr'>relativo</span> <span class='ocrx_word' id='word_1_148' title='bbox 982 1139 1094 1179; x_wconf 81' lang='lat' dir='ltr'>deest</span> <span class='ocrx_word' id='word_1_149' title='bbox 1121 1139 1261 1178; x_wconf 86' lang='lat' dir='ltr'>XXIV.</span> <span class='ocrx_word' id='word_1_150' title='bbox 1281 1140 1343 1187; x_wconf 89' lang='lat'>24,</span> <span class='ocrx_word' id='word_1_151' title='bbox 1374 1139 1399 1177; x_wconf 94' lang='lat'>2</span> <span class='ocrx_word' id='word_1_152' title='bbox 1427 1142 1468 1177; x_wconf 91' lang='lat' dir='ltr'>et</span> <span class='ocrx_word' id='word_1_153' title='bbox 1488 1137 1623 1177; x_wconf 89' lang='lat' dir='ltr'>XLIV.</span> 
     </span>
     <span class='ocr_line' id='line_1_19' title="bbox 215 1204 1624 1254; baseline -0.001 -11"><span class='ocrx_word' id='word_1_154' title='bbox 215 1204 279 1243; x_wconf 87' lang='lat'>30.</span> <span class='ocrx_word' id='word_1_155' title='bbox 336 1205 437 1252; x_wconf 82' lang='lat' dir='ltr'>Quin</span> <span class='ocrx_word' id='word_1_156' title='bbox 466 1205 584 1244; x_wconf 90' lang='lat' dir='ltr'>etiam</span> <span class='ocrx_word' id='word_1_157' title='bbox 613 1217 661 1244; x_wconf 87' lang='lat' dir='ltr'>ex</span> <span class='ocrx_word' id='word_1_158' title='bbox 690 1205 885 1253; x_wconf 79' lang='lat' dir='ltr'>Sallustio,</span> <span class='ocrx_word' id='word_1_159' title='bbox 924 1205 989 1254; x_wconf 90' lang='lat' dir='ltr'>qui</span> <span class='ocrx_word' id='word_1_160' title='bbox 1018 1215 1204 1253; x_wconf 88' lang='lat' dir='ltr'>praesens</span> <span class='ocrx_word' id='word_1_161' title='bbox 1242 1208 1395 1253; x_wconf 90' lang='lat' dir='ltr'>tempus</span> <span class='ocrx_word' id='word_1_162' title='bbox 1424 1207 1506 1242; x_wconf 87' lang='lat' dir='ltr'>tam</span> <span class='ocrx_word' id='word_1_163' title='bbox 1533 1214 1624 1242; x_wconf 88' lang='lat' dir='ltr'>raro</span> 
     </span>
     <span class='ocr_line' id='line_1_20' title="bbox 216 1267 1626 1318; baseline -0.001 -11"><span class='ocrx_word' id='word_1_164' title='bbox 216 1268 346 1308; x_wconf 90' lang='lat' dir='ltr'>omisit</span> <span class='ocrx_word' id='word_1_165' title='bbox 387 1269 565 1318; x_wconf 85' lang='lat' dir='ltr'>exempla</span> <span class='ocrx_word' id='word_1_166' title='bbox 618 1270 771 1309; x_wconf 91' lang='lat' dir='ltr'>adsunt.</span> <span class='ocrx_word' id='word_1_167' title='bbox 840 1268 953 1308; x_wconf 89' lang='lat' dir='ltr'>Catil.</span> <span class='ocrx_word' id='word_1_168' title='bbox 1007 1268 1113 1308; x_wconf 91' lang='lat' dir='ltr'>Coni.</span> <span class='ocrx_word' id='word_1_169' title='bbox 1158 1268 1221 1316; x_wconf 88' lang='lat'>25,</span> <span class='ocrx_word' id='word_1_170' title='bbox 1259 1269 1283 1307; x_wconf 85' lang='lat'><strong>3</strong></span> <span class='ocrx_word' id='word_1_171' title='bbox 1335 1267 1522 1317; x_wconf 89' lang='lat' dir='ltr'>(lubidine</span> <span class='ocrx_word' id='word_1_172' title='bbox 1571 1268 1626 1306; x_wconf 89' lang='lat' dir='ltr'>sic</span> 
     </span>
     <span class='ocr_line' id='line_1_21' title="bbox 218 1331 1625 1382; baseline -0.001 -11"><span class='ocrx_word' id='word_1_173' title='bbox 218 1333 410 1381; x_wconf 90' lang='lat' dir='ltr'>adcensa,</span> <span class='ocrx_word' id='word_1_174' title='bbox 454 1337 499 1372; x_wconf 88' lang='lat' dir='ltr'>ut</span> <span class='ocrx_word' id='word_1_175' title='bbox 540 1334 695 1382; x_wconf 91' lang='lat' dir='ltr'>saepius</span> <span class='ocrx_word' id='word_1_176' title='bbox 748 1336 907 1382; x_wconf 90' lang='lat' dir='ltr'>peteret</span> <span class='ocrx_word' id='word_1_177' title='bbox 943 1344 1060 1381; x_wconf 88' lang='lat' dir='ltr'>quam</span> <span class='ocrx_word' id='word_1_178' title='bbox 1104 1331 1339 1380; x_wconf 90' lang='lat' dir='ltr'>peteretur),</span> <span class='ocrx_word' id='word_1_179' title='bbox 1377 1332 1442 1378; x_wconf 85' lang='lat'>54,</span> <span class='ocrx_word' id='word_1_180' title='bbox 1480 1332 1505 1370; x_wconf 93' lang='lat'>2</span> <span class='ocrx_word' id='word_1_181' title='bbox 1543 1331 1625 1380; x_wconf 89' lang='lat' dir='ltr'>(ille</span> 
     </span>
     <span class='ocr_line' id='line_1_22' title="bbox 215 1395 1626 1444; baseline -0.001 -10"><span class='ocrx_word' id='word_1_182' title='bbox 215 1396 514 1436; x_wconf 89' lang='lat' dir='ltr'>mansuetudine</span> <span class='ocrx_word' id='word_1_183' title='bbox 544 1400 585 1436; x_wconf 89' lang='lat' dir='ltr'>et</span> <span class='ocrx_word' id='word_1_184' title='bbox 605 1397 873 1436; x_wconf 88' lang='lat' dir='ltr'>misericordia</span> <span class='ocrx_word' id='word_1_185' title='bbox 901 1397 1029 1436; x_wconf 84' lang='lat' dir='ltr'>clarus</span> <span class='ocrx_word' id='word_1_186' title='bbox 1057 1395 1195 1443; x_wconf 86' lang='lat' dir='ltr'>factus,</span> <span class='ocrx_word' id='word_1_187' title='bbox 1225 1395 1314 1434; x_wconf 91' lang='lat' dir='ltr'>huic</span> <span class='ocrx_word' id='word_1_188' title='bbox 1332 1395 1523 1435; x_wconf 90' lang='lat' dir='ltr'>severitas</span> <span class='ocrx_word' id='word_1_189' title='bbox 1543 1395 1626 1444; x_wconf 85' lang='lat' dir='ltr'>dig-</span> 
     </span>
     <span class='ocr_line' id='line_1_23' title="bbox 216 1460 1624 1514; baseline 0 -16"><span class='ocrx_word' id='word_1_190' title='bbox 216 1460 382 1499; x_wconf 89' lang='lat' dir='ltr'>nitatem</span> <span class='ocrx_word' id='word_1_191' title='bbox 396 1461 638 1511; x_wconf 87' lang='lat' dir='ltr'>addiderat);</span> <span class='ocrx_word' id='word_1_192' title='bbox 668 1462 736 1501; x_wconf 91' lang='lat' dir='ltr'>sed</span> <span class='ocrx_word' id='word_1_193' title='bbox 753 1473 830 1500; x_wconf 90' lang='lat' dir='ltr'>non</span> <span class='ocrx_word' id='word_1_194' title='bbox 846 1461 969 1514; x_wconf 81' lang='lat' dir='ltr'>solum</span> <span class='ocrx_word' id='word_1_195' title='bbox 983 1461 1023 1499; x_wconf 92' lang='lat' dir='ltr'>in</span> <span class='ocrx_word' id='word_1_196' title='bbox 1039 1461 1309 1510; x_wconf 83' lang='lat' dir='ltr'>coniugatione</span> <span class='ocrx_word' id='word_1_197' title='bbox 1325 1460 1624 1509; x_wconf 87' lang='lat' dir='ltr'>periphrastica,</span> 
     </span>
     <span class='ocr_line' id='line_1_24' title="bbox 217 1525 1625 1575; baseline 0 -12"><span class='ocrx_word' id='word_1_198' title='bbox 217 1535 352 1563; x_wconf 89' lang='lat' dir='ltr'>verum</span> <span class='ocrx_word' id='word_1_199' title='bbox 371 1525 491 1564; x_wconf 90' lang='lat' dir='ltr'>etiam</span> <span class='ocrx_word' id='word_1_200' title='bbox 505 1526 608 1573; x_wconf 89' lang='lat' dir='ltr'>apud</span> <span class='ocrx_word' id='word_1_201' title='bbox 636 1537 776 1564; x_wconf 91' lang='lat' dir='ltr'>nomen</span> <span class='ocrx_word' id='word_1_202' title='bbox 798 1527 1024 1565; x_wconf 88' lang='lat' dir='ltr'>omissiones</span> <span class='ocrx_word' id='word_1_203' title='bbox 1052 1526 1321 1565; x_wconf 88' lang='lat' dir='ltr'>inveniuntur:</span> <span class='ocrx_word' id='word_1_204' title='bbox 1351 1527 1387 1573; x_wconf 88' lang='lat'>5,</span> <span class='ocrx_word' id='word_1_205' title='bbox 1412 1526 1436 1564; x_wconf 89' lang='lat'><strong>3</strong></span> <span class='ocrx_word' id='word_1_206' title='bbox 1466 1526 1625 1575; x_wconf 83' lang='lat' dir='ltr'>(corpus</span> 
     </span>
     <span class='ocr_line' id='line_1_25' title="bbox 216 1588 1623 1639; baseline 0 -12"><span class='ocrx_word' id='word_1_207' title='bbox 216 1588 369 1636; x_wconf 86' lang='lat' dir='ltr'>patiens</span> <span class='ocrx_word' id='word_1_208' title='bbox 405 1589 569 1637; x_wconf 86' lang='lat' dir='ltr'>inediae,</span> <span class='ocrx_word' id='word_1_209' title='bbox 608 1590 763 1638; x_wconf 84' lang='lat' dir='ltr'>algoris,</span> <span class='ocrx_word' id='word_1_210' title='bbox 806 1590 961 1638; x_wconf 83' lang='lat' dir='ltr'>vigiliae</span> <span class='ocrx_word' id='word_1_211' title='bbox 1003 1602 1122 1638; x_wconf 90' lang='lat' dir='ltr'>supra</span> <span class='ocrx_word' id='word_1_212' title='bbox 1164 1601 1280 1639; x_wconf 86' lang='lat' dir='ltr'>quam</span> <span class='ocrx_word' id='word_1_213' title='bbox 1319 1589 1503 1628; x_wconf 89' lang='lat' dir='ltr'>credibile</span> <span class='ocrx_word' id='word_1_214' title='bbox 1549 1592 1623 1629; x_wconf 91' lang='lat' dir='ltr'>est.</span> 
     </span>
     <span class='ocr_line' id='line_1_26' title="bbox 217 1652 1625 1703; baseline 0.001 -13"><span class='ocrx_word' id='word_1_215' title='bbox 217 1652 379 1691; x_wconf 90' lang='lat' dir='ltr'>Animus</span> <span class='ocrx_word' id='word_1_216' title='bbox 394 1652 531 1701; x_wconf 82' lang='lat' dir='ltr'>audaX,</span> <span class='ocrx_word' id='word_1_217' title='bbox 562 1653 756 1702; x_wconf 89' lang='lat' dir='ltr'>subdolus,</span> <span class='ocrx_word' id='word_1_218' title='bbox 786 1654 947 1703; x_wconf 84' lang='lat' dir='ltr'>varius),</span> <span class='ocrx_word' id='word_1_219' title='bbox 979 1655 1040 1702; x_wconf 84' lang='grc'>16,</span> <span class='ocrx_word' id='word_1_220' title='bbox 1062 1655 1098 1693; x_wconf 92' lang='lat'>5.</span> <span class='ocrx_word' id='word_1_221' title='bbox 1130 1654 1192 1703; x_wconf 86' lang='lat' dir='ltr'>(In</span> <span class='ocrx_word' id='word_1_222' title='bbox 1220 1653 1335 1693; x_wconf 88' lang='lat' dir='ltr'>Italia</span> <span class='ocrx_word' id='word_1_223' title='bbox 1355 1653 1483 1692; x_wconf 91' lang='lat' dir='ltr'>nullus</span> <span class='ocrx_word' id='word_1_224' title='bbox 1512 1665 1625 1692; x_wconf 81' lang='lat' dir='ltr'>exer-</span> 
     </span>
     <span class='ocr_line' id='line_1_27' title="bbox 218 1715 1627 1767; baseline 0.001 -13"><span class='ocrx_word' id='word_1_225' title='bbox 218 1716 329 1764; x_wconf 86' lang='lat' dir='ltr'>citus,</span> <span class='ocrx_word' id='word_1_226' title='bbox 359 1715 432 1755; x_wconf 90' lang='lat' dir='ltr'>Gn.</span> <span class='ocrx_word' id='word_1_227' title='bbox 462 1717 668 1766; x_wconf 88' lang='lat' dir='ltr'>Pompeius</span> <span class='ocrx_word' id='word_1_228' title='bbox 697 1718 735 1756; x_wconf 90' lang='lat' dir='ltr'>in</span> <span class='ocrx_word' id='word_1_229' title='bbox 765 1718 951 1757; x_wconf 85' lang='lat' dir='ltr'>extremis</span> <span class='ocrx_word' id='word_1_230' title='bbox 980 1718 1099 1757; x_wconf 87' lang='lat' dir='ltr'>terris</span> <span class='ocrx_word' id='word_1_231' title='bbox 1127 1718 1271 1757; x_wconf 90' lang='lat' dir='ltr'>bellum</span> <span class='ocrx_word' id='word_1_232' title='bbox 1290 1717 1484 1767; x_wconf 82' lang='lat' dir='ltr'>gerebat),</span> <span class='ocrx_word' id='word_1_233' title='bbox 1523 1718 1627 1767; x_wconf 88' lang='lat' dir='ltr'>apud</span> 
     </span>
     <span class='ocr_line' id='line_1_28' title="bbox 217 1780 1624 1837; baseline 0.001 -18"><span class='ocrx_word' id='word_1_234' title='bbox 217 1780 545 1837; x_wconf 84' lang='lat' dir='ltr'>praepositionem</span> <span class='ocrx_word' id='word_1_235' title='bbox 574 1782 636 1830; x_wconf 89' lang='lat'>25,</span> <span class='ocrx_word' id='word_1_236' title='bbox 666 1782 692 1821; x_wconf 93' lang='lat'>5</span> <span class='ocrx_word' id='word_1_237' title='bbox 735 1780 887 1832; x_wconf 89' lang='lat' dir='ltr'>(verum</span> <span class='ocrx_word' id='word_1_238' title='bbox 915 1782 1112 1831; x_wconf 77' lang='lat' dir='ltr'>ingenium</span> <span class='ocrx_word' id='word_1_239' title='bbox 1140 1782 1224 1822; x_wconf 89' lang='lat' dir='ltr'>eius</span> <span class='ocrx_word' id='word_1_240' title='bbox 1252 1781 1357 1820; x_wconf 86' lang='lat' dir='ltr'>haud</span> <span class='ocrx_word' id='word_1_241' title='bbox 1383 1781 1624 1832; x_wconf 88' lang='lat' dir='ltr'>absurdum).</span> 
     </span>
     <span class='ocr_line' id='line_1_29' title="bbox 217 1844 1627 1896; baseline 0.001 -13"><span class='ocrx_word' id='word_1_242' title='bbox 217 1844 263 1883; x_wconf 93' lang='lat' dir='ltr'>In</span> <span class='ocrx_word' id='word_1_243' title='bbox 305 1847 517 1886; x_wconf 88' lang='lat' dir='ltr'>enuntiatis</span> <span class='ocrx_word' id='word_1_244' title='bbox 558 1847 797 1886; x_wconf 89' lang='lat' dir='ltr'>secundariis</span> <span class='ocrx_word' id='word_1_245' title='bbox 826 1851 958 1887; x_wconf 90' lang='lat' dir='ltr'>autem</span> <span class='ocrx_word' id='word_1_246' title='bbox 987 1847 1089 1896; x_wconf 86' lang='lat' dir='ltr'>apud</span> <span class='ocrx_word' id='word_1_247' title='bbox 1117 1846 1343 1885; x_wconf 83' lang='lat' dir='ltr'>Sallustium</span> <span class='ocrx_word' id='word_1_248' title='bbox 1380 1846 1627 1885; x_wconf 88' lang='lat' dir='ltr'>omissionem</span> 
     </span>
     <span class='ocr_line' id='line_1_30' title="bbox 217 1911 1626 1962; baseline 0.001 -14"><span class='ocrx_word' id='word_1_249' title='bbox 217 1920 294 1949; x_wconf 91' lang='lat' dir='ltr'>non</span> <span class='ocrx_word' id='word_1_250' title='bbox 321 1911 463 1950; x_wconf 90' lang='lat' dir='ltr'>inveni.</span> <span class='ocrx_word' id='word_1_251' title='bbox 519 1912 578 1951; x_wconf 86' lang='lat' dir='ltr'>Ex</span> <span class='ocrx_word' id='word_1_252' title='bbox 615 1913 758 1950; x_wconf 83' lang='lat' dir='ltr'>Velleio</span> <span class='ocrx_word' id='word_1_253' title='bbox 785 1912 815 1960; x_wconf 94' lang='lat' dir='ltr'>I,</span> <span class='ocrx_word' id='word_1_254' title='bbox 850 1913 910 1960; x_wconf 90' lang='grc'>16,</span> <span class='ocrx_word' id='word_1_255' title='bbox 940 1913 965 1952; x_wconf 91' lang='lat'>5</span> <span class='ocrx_word' id='word_1_256' title='bbox 1004 1912 1127 1962; x_wconf 81' lang='lat' dir='ltr'>(adeo</span> <span class='ocrx_word' id='word_1_257' title='bbox 1154 1912 1310 1961; x_wconf 89' lang='lat' dir='ltr'>quidem</span> <span class='ocrx_word' id='word_1_258' title='bbox 1347 1914 1521 1951; x_wconf 83' lang='lat' dir='ltr'>artatum</span> <span class='ocrx_word' id='word_1_259' title='bbox 1557 1922 1626 1950; x_wconf 89' lang='lat' dir='ltr'>an-</span> 
     </span>
     <span class='ocr_line' id='line_1_31' title="bbox 217 1975 1627 2029; baseline 0.001 -16"><span class='ocrx_word' id='word_1_260' title='bbox 217 1975 356 2024; x_wconf 87' lang='lat' dir='ltr'>gustiis</span> <span class='ocrx_word' id='word_1_261' title='bbox 393 1976 643 2026; x_wconf 85' lang='lat' dir='ltr'>temporum),</span> <span class='ocrx_word' id='word_1_262' title='bbox 688 1977 736 2016; x_wconf 92' lang='lat' dir='ltr'>de</span> <span class='ocrx_word' id='word_1_263' title='bbox 766 1988 841 2027; x_wconf 89' lang='lat' dir='ltr'>quo</span> <span class='ocrx_word' id='word_1_264' title='bbox 880 1977 964 2016; x_wconf 91' lang='lat' dir='ltr'>loco</span> <span class='ocrx_word' id='word_1_265' title='bbox 1006 1976 1052 2015; x_wconf 89' lang='lat' dir='ltr'>cf.</span> <span class='ocrx_word' id='word_1_266' title='bbox 1093 1976 1301 2029; x_wconf 77' lang='lat' dir='ltr'>Halmium,</span> <span class='ocrx_word' id='word_1_267' title='bbox 1343 1978 1491 2015; x_wconf 89' lang='lat' dir='ltr'>annott.</span> <span class='ocrx_word' id='word_1_268' title='bbox 1522 1977 1627 2015; x_wconf 85' lang='lat' dir='ltr'>critt.</span> 
     </span>
     <span class='ocr_line' id='line_1_32' title="bbox 218 2039 1628 2091; baseline 0.001 -12"><span class='ocrx_word' id='word_1_269' title='bbox 218 2039 345 2080; x_wconf 90' lang='lat' dir='ltr'>Berol.</span> <span class='ocrx_word' id='word_1_270' title='bbox 379 2042 493 2081; x_wconf 85' lang='lat'>1836.</span> <span class='ocrx_word' id='word_1_271' title='bbox 549 2041 633 2081; x_wconf 89' lang='lat' dir='ltr'>Vol.</span> <span class='ocrx_word' id='word_1_272' title='bbox 664 2042 693 2081; x_wconf 94' lang='lat' dir='ltr'>I.</span> <span class='ocrx_word' id='word_1_273' title='bbox 724 2042 791 2081; x_wconf 84' lang='lat' dir='ltr'>Nr.</span> <span class='ocrx_word' id='word_1_274' title='bbox 822 2042 885 2090; x_wconf 84' lang='lat'>43,</span> <span class='ocrx_word' id='word_1_275' title='bbox 915 2054 952 2091; x_wconf 91' lang='lat' dir='ltr'>p.</span> <span class='ocrx_word' id='word_1_276' title='bbox 983 2042 1072 2081; x_wconf 85' lang='lat'>341.</span> <span class='ocrx_word' id='word_1_277' title='bbox 1103 2041 1379 2080; x_wconf 58' lang='lat' dir='ltr'>-—⁴Summam</span> <span class='ocrx_word' id='word_1_278' title='bbox 1416 2044 1549 2080; x_wconf 80' lang='lat' dir='ltr'>autem</span> <span class='ocrx_word' id='word_1_279' title='bbox 1584 2044 1628 2080; x_wconf 84' lang='lat' dir='ltr'>ut</span> 
     </span>
     <span class='ocr_line' id='line_1_33' title="bbox 217 2104 1629 2156; baseline -0.001 -13"><span class='ocrx_word' id='word_1_280' title='bbox 217 2104 258 2144; x_wconf 92' lang='lat' dir='ltr'>in</span> <span class='ocrx_word' id='word_1_281' title='bbox 286 2104 474 2145; x_wconf 90' lang='lat' dir='ltr'>infinitivo</span> <span class='ocrx_word' id='word_1_282' title='bbox 504 2110 545 2145; x_wconf 90' lang='lat' dir='ltr'>et</span> <span class='ocrx_word' id='word_1_283' title='bbox 573 2109 750 2156; x_wconf 87' lang='lat' dir='ltr'>tempore</span> <span class='ocrx_word' id='word_1_284' title='bbox 778 2106 991 2155; x_wconf 85' lang='lat' dir='ltr'>praesenti,</span> <span class='ocrx_word' id='word_1_285' title='bbox 1031 2107 1087 2145; x_wconf 86' lang='lat' dir='ltr'>ita</span> <span class='ocrx_word' id='word_1_286' title='bbox 1122 2106 1161 2144; x_wconf 92' lang='lat' dir='ltr'>in</span> <span class='ocrx_word' id='word_1_287' title='bbox 1189 2106 1405 2154; x_wconf 86' lang='lat' dir='ltr'>praeterito</span> <span class='ocrx_word' id='word_1_288' title='bbox 1443 2106 1629 2154; x_wconf 73' lang='lat' dir='ltr'>Virqilius</span> 
     </span>
     <span class='ocr_line' id='line_1_34' title="bbox 218 2170 1629 2218; baseline 0.001 -11"><span class='ocrx_word' id='word_1_289' title='bbox 218 2170 422 2218; x_wconf 89' lang='lat' dir='ltr'>usurpavit</span> <span class='ocrx_word' id='word_1_290' title='bbox 462 2171 659 2210; x_wconf 88' lang='lat' dir='ltr'>licentiam</span> <span class='ocrx_word' id='word_1_291' title='bbox 702 2171 916 2210; x_wconf 87' lang='lat' dir='ltr'>omittendi.</span> <span class='ocrx_word' id='word_1_292' title='bbox 982 2171 1082 2209; x_wconf 87' lang='lat' dir='ltr'>Nam</span> <span class='ocrx_word' id='word_1_293' title='bbox 1116 2182 1164 2209; x_wconf 87' lang='lat' dir='ltr'>ex</span> <span class='ocrx_word' id='word_1_294' title='bbox 1194 2170 1405 2209; x_wconf 74' lang='lat' dir='ltr'>enuntiatis</span> <span class='ocrx_word' id='word_1_295' title='bbox 1432 2170 1629 2218; x_wconf 90' lang='lat' dir='ltr'>primariis</span> 
     </span>
     <span class='ocr_line' id='line_1_35' title="bbox 218 2231 1628 2285; baseline 0.001 -14"><span class='ocrx_word' id='word_1_296' title='bbox 218 2231 289 2272; x_wconf 89' lang='lat' dir='ltr'>hos</span> <span class='ocrx_word' id='word_1_297' title='bbox 319 2233 421 2273; x_wconf 90' lang='lat' dir='ltr'>locos</span> <span class='ocrx_word' id='word_1_298' title='bbox 449 2234 489 2273; x_wconf 92' lang='lat' dir='ltr'>in</span> <span class='ocrx_word' id='word_1_299' title='bbox 517 2235 686 2274; x_wconf 89' lang='lat' dir='ltr'>medium</span> <span class='ocrx_word' id='word_1_300' title='bbox 713 2246 933 2285; x_wconf 90' lang='lat' dir='ltr'>proponere</span> <span class='ocrx_word' id='word_1_301' title='bbox 959 2235 1066 2274; x_wconf 89' lang='lat' dir='ltr'>licet:</span> <span class='ocrx_word' id='word_1_302' title='bbox 1102 2235 1198 2274; x_wconf 92' lang='lat' dir='ltr'>Aen.</span> <span class='ocrx_word' id='word_1_303' title='bbox 1221 2235 1250 2272; x_wconf 95' lang='grc' dir='ltr'>Ι.</span> <span class='ocrx_word' id='word_1_304' title='bbox 1281 2235 1358 2274; x_wconf 88' lang='lat'>639</span> <span class='ocrx_word' id='word_1_305' title='bbox 1388 2234 1492 2284; x_wconf 89' lang='lat' dir='ltr'>(arte</span> <span class='ocrx_word' id='word_1_306' title='bbox 1520 2235 1628 2273; x_wconf 91' lang='lat' dir='ltr'>labo-</span> 
     </span>
     <span class='ocr_line' id='line_1_36' title="bbox 218 2297 1625 2348; baseline 0.001 -12"><span class='ocrx_word' id='word_1_307' title='bbox 218 2299 331 2336; x_wconf 83' lang='lat' dir='ltr'>ratae</span> <span class='ocrx_word' id='word_1_308' title='bbox 358 2300 486 2337; x_wconf 89' lang='lat' dir='ltr'>restes</span> <span class='ocrx_word' id='word_1_309' title='bbox 515 2301 699 2348; x_wconf 88' lang='lat' dir='ltr'>ostroque</span> <span class='ocrx_word' id='word_1_310' title='bbox 720 2297 908 2348; x_wconf 91' lang='lat' dir='ltr'>superbo)</span> <span class='ocrx_word' id='word_1_311' title='bbox 937 2298 1035 2338; x_wconf 93' lang='lat' dir='ltr'>Aen.</span> <span class='ocrx_word' id='word_1_312' title='bbox 1055 2299 1104 2338; x_wconf 92' lang='lat' dir='ltr'>II.</span> <span class='ocrx_word' id='word_1_313' title='bbox 1125 2300 1176 2338; x_wconf 87' lang='lat'>30</span> <span class='ocrx_word' id='word_1_314' title='bbox 1205 2298 1408 2348; x_wconf 87' lang='lat' dir='ltr'>(classibus</span> <span class='ocrx_word' id='word_1_315' title='bbox 1428 2298 1490 2338; x_wconf 90' lang='lat' dir='ltr'>hic</span> <span class='ocrx_word' id='word_1_316' title='bbox 1506 2298 1625 2348; x_wconf 83' lang='lat' dir='ltr'>locus,</span> 
     </span>
     <span class='ocr_line' id='line_1_37' title="bbox 217 2357 1630 2414; baseline 0.001 -13"><span class='ocrx_word' id='word_1_317' title='bbox 217 2361 281 2401; x_wconf 91' lang='lat' dir='ltr'>hic</span> <span class='ocrx_word' id='word_1_318' title='bbox 309 2363 392 2402; x_wconf 90' lang='lat' dir='ltr'>acie</span> <span class='ocrx_word' id='word_1_319' title='bbox 421 2367 575 2403; x_wconf 87' lang='lat' dir='ltr'>certare</span> <span class='ocrx_word' id='word_1_320' title='bbox 605 2363 801 2414; x_wconf 86' lang='lat' dir='ltr'>solebant)</span> <span class='ocrx_word' id='word_1_321' title='bbox 831 2363 881 2403; x_wconf 92' lang='lat' dir='ltr'>II.</span> <span class='ocrx_word' id='word_1_322' title='bbox 912 2364 993 2404; x_wconf 87' lang='lat'>554</span> <span class='ocrx_word' id='word_1_323' title='bbox 1030 2363 1143 2414; x_wconf 85' lang='lat' dir='ltr'>(haec</span> <span class='ocrx_word' id='word_1_324' title='bbox 1170 2362 1257 2402; x_wconf 89' lang='lat' dir='ltr'>finis</span> <span class='ocrx_word' id='word_1_325' title='bbox 1285 2363 1431 2402; x_wconf 90' lang='lat' dir='ltr'>Priami</span> <span class='ocrx_word' id='word_1_326' title='bbox 1458 2357 1630 2403; x_wconf 82' lang='lat' dir='ltr'>fatorum</span> 
     </span>
     <span class='ocr_line' id='line_1_38' title="bbox 217 2428 1627 2481; baseline -0.001 -13"><span class='ocrx_word' id='word_1_327' title='bbox 217 2428 279 2468; x_wconf 91' lang='lat' dir='ltr'>hic</span> <span class='ocrx_word' id='word_1_328' title='bbox 299 2430 426 2469; x_wconf 86' lang='lat' dir='ltr'>exitus</span> <span class='ocrx_word' id='word_1_329' title='bbox 441 2430 550 2469; x_wconf 89' lang='lat' dir='ltr'>illum</span> <span class='ocrx_word' id='word_1_330' title='bbox 568 2430 683 2470; x_wconf 86' lang='lat' dir='ltr'>Sorte</span> <span class='ocrx_word' id='word_1_331' title='bbox 704 2429 813 2481; x_wconf 93' lang='lat' dir='ltr'>tulit)</span> <span class='ocrx_word' id='word_1_332' title='bbox 831 2442 839 2479; x_wconf 91' lang='lat'>;</span> <span class='ocrx_word' id='word_1_333' title='bbox 870 2442 918 2470; x_wconf 85' lang='lat' dir='ltr'>ex</span> <span class='ocrx_word' id='word_1_334' title='bbox 936 2428 1149 2469; x_wconf 89' lang='lat' dir='ltr'>enuntiatis</span> <span class='ocrx_word' id='word_1_335' title='bbox 1168 2428 1344 2468; x_wconf 89' lang='lat' dir='ltr'>relativis</span> <span class='ocrx_word' id='word_1_336' title='bbox 1360 2428 1389 2466; x_wconf 92' lang='lat' dir='ltr'>I.</span> <span class='ocrx_word' id='word_1_337' title='bbox 1414 2429 1487 2468; x_wconf 88' lang='lat'>157</span> <span class='ocrx_word' id='word_1_338' title='bbox 1508 2428 1627 2479; x_wconf 91' lang='lat' dir='ltr'>(quae</span> 
     </span>
     <span class='ocr_line' id='line_1_39' title="bbox 219 2492 1599 2545; baseline -0.001 -12"><span class='ocrx_word' id='word_1_339' title='bbox 219 2494 394 2544; x_wconf 87' lang='lat' dir='ltr'>proxima</span> <span class='ocrx_word' id='word_1_340' title='bbox 421 2495 553 2545; x_wconf 88' lang='lat' dir='ltr'>litora)</span> <span class='ocrx_word' id='word_1_341' title='bbox 584 2495 632 2534; x_wconf 82' lang='grc' dir='ltr'>ΙΙ.</span> <span class='ocrx_word' id='word_1_342' title='bbox 664 2496 742 2536; x_wconf 88' lang='lat'>455</span> <span class='ocrx_word' id='word_1_343' title='bbox 769 2495 799 2534; x_wconf 96' lang='grc' dir='ltr'>Ι.</span> <span class='ocrx_word' id='word_1_344' title='bbox 821 2496 887 2535; x_wconf 88' lang='grc'>12]</span> <span class='ocrx_word' id='word_1_345' title='bbox 925 2495 982 2545; x_wconf 91' lang='lat' dir='ltr'>(et</span> <span class='ocrx_word' id='word_1_346' title='bbox 1011 2504 1088 2543; x_wconf 89' lang='lat' dir='ltr'>qua</span> <span class='ocrx_word' id='word_1_347' title='bbox 1115 2496 1250 2533; x_wconf 80' lang='lat' dir='ltr'>vectus</span> <span class='ocrx_word' id='word_1_348' title='bbox 1279 2492 1421 2543; x_wconf 85' lang='lat' dir='ltr'>Abas);</span> <span class='ocrx_word' id='word_1_349' title='bbox 1457 2504 1504 2532; x_wconf 87' lang='lat' dir='ltr'>ex</span> <span class='ocrx_word' id='word_1_350' title='bbox 1533 2497 1599 2532; x_wconf 89' lang='lat' dir='ltr'>en⁰</span> 
     </span>
     <span class='ocr_line' id='line_1_40' title="bbox 1349 2566 1370 2599; baseline 0 0"><span class='ocrx_word' id='word_1_351' title='bbox 1349 2566 1370 2599; x_wconf 83' lang='lat'>2</span> 
     </span>
    </p>
   </div>
  </div>
 </body>
</html>
