1804 2909
750 131 1037 204 1—19—

211 282 308 322 opus
330 269 490 317 ,videtur
517 269 611 310 mihi
638 282 724 311 esse
753 271 953 320 inquirere
981 271 1109 310 virum
1136 270 1290 309 doctum
1319 270 1537 310 accuratius
1565 269 1615 310 de

209 346 283 375 usu
310 337 530 383 temporum
556 334 740 384 Tacitino,
775 347 866 375 nam
893 346 994 385 quae
1021 334 1305 383 Jungclaussen
1333 332 1385 385 (p.
1417 335 1535 385 1—6)
1565 334 1614 375 de

210 409 257 438 eo
285 397 395 446 dixit,
423 409 508 438 rem
536 410 624 438 eam
650 399 808 438 minime
836 398 1048 439 absolvisse
1077 398 1272 438 videntur.
1319 398 1395 438 Sed
1428 411 1500 449 ego
1528 411 1616 439 eam

186 461 425 511 rationem,
469 474 585 512 quam
626 462 672 501 G.
711 462 890 502 Wichert
930 463 1120 512 exposuit,
1165 465 1321 501 secutus
1362 462 1457 502 satis
1497 461 1616 501 habui

210 536 366 576 semper
393 527 610 576 proximum
637 530 792 577 tempus
830 539 946 578 quam
974 527 1140 566 maxime
1178 525 1375 575 respicere
1412 529 1531 576 atque
1568 537 1615 566 eo

210 590 324 629 modo
353 591 580 630 omissiones
610 591 804 631 ordinare.
862 591 1007 630 Tamen
1034 591 1139 629 inter
1157 588 1431 637 imperfectum
1458 593 1500 628 et
1527 600 1617 638 per-

209 652 354 694 fectum
387 654 671 695 dubitationem
708 654 934 705 saepissime
973 666 1043 694 nos
1080 664 1288 703 occupasse
1316 664 1394 693 non
1427 655 1488 692 est
1515 652 1619 703 quod

210 716 411 758 affirmem.
468 719 569 758 Nam
604 722 648 757 ut
685 719 904 768 exemplum
940 718 1101 758 afferam
1139 718 1261 757 A.11.
1299 718 1362 765 22,
1394 718 1414 756 1
1445 715 1617 768 (vixdum

211 785 300 822 orta
316 782 379 822 die
398 782 514 832 plena
531 783 884 833 propugnatoribus
904 783 1069 832 moenia,
1097 782 1293 832 fulgentes
1311 781 1430 821 armis
1446 780 1618 831 virisque

211 847 390 896 campis:
433 847 595 886 densum
633 848 827 896 legionum
856 859 1006 896 agmen,
1048 858 1184 895 sparsa
1212 845 1441 884 auxiliorum
1481 857 1619 884 manus

211 908 352 948 altiora
377 921 579 950 murorum
615 911 768 960 sagittis
796 914 865 951 aut
885 912 988 950 saxis
1016 913 1222 958 incessere,
1249 909 1429 959 neglecta
1456 910 1621 961 aqyredi

212 975 383 1013 inserunt
422 974 510 1024 etc.)
553 978 641 1024 post
678 977 803 1025 campi
844 976 1049 1025 sequentia
1091 979 1269 1024 tempora
1305 975 1493 1014 momenti
1531 986 1617 1015 esse

210 1049 288 1077 non
314 1042 488 1087 possunt,
527 1039 669 1088 quippe
707 1051 807 1089 quae
844 1041 957 1079 nimis
997 1041 1211 1088 varientur,
1251 1050 1295 1078 ac
1331 1039 1426 1078 mihi
1463 1039 1619 1090 quidem

211 1101 250 1140 in
288 1113 336 1141 ea
379 1102 638 1152 descriptione
681 1103 963 1154 imperfectum,
1012 1104 1114 1154 quod
1158 1104 1310 1143 omnino
1355 1115 1432 1143 non
1477 1106 1617 1152 exstat,

211 1166 384 1216 suppleri
413 1166 557 1217 optime
586 1167 752 1208 videtur.
803 1168 946 1209 Similis
974 1172 1035 1208 est
1062 1169 1163 1208 ratio
1191 1169 1240 1208 H.
1260 1169 1290 1208 I.
1321 1168 1384 1217 82,
1408 1169 1469 1209 10.
1498 1168 1618 1209 Prae-

210 1231 338 1271 missis
366 1232 489 1281 igitur
517 1232 577 1271 his
605 1244 718 1272 nemo
748 1244 893 1282 quaeso
921 1232 1017 1272 mihi
1046 1233 1141 1272 vitio
1170 1233 1248 1281 det,
1289 1233 1322 1272 si
1349 1232 1622 1282 imperfectum

211 1296 393 1346 omissum
423 1308 509 1336 esse
537 1296 758 1345 affirmabo,
797 1298 863 1336 ubi
891 1297 957 1336 alii
1000 1296 1217 1346 perfectum
1245 1297 1429 1346 supplere
1457 1297 1618 1346 malunt,

210 1360 339 1408 potius
379 1359 442 1399 hic
482 1361 593 1400 nobis
634 1360 800 1400 sufficiat
836 1362 973 1401 deesse
1015 1362 1275 1411 praeteritum
1318 1365 1359 1401 et
1400 1364 1534 1401 cetera
1571 1361 1621 1399 ad

208 1423 324 1465 aliam
352 1424 659 1474 disquisitionem
690 1437 949 1466 reservemus.
997 1426 1109 1465 Nunc
1137 1429 1270 1465 autem
1299 1426 1348 1465 ad
1376 1426 1620 1475 propositum

208 1489 427 1529 redeamus.
471 1489 626 1528 Tacitus
655 1491 769 1538 enim,
800 1502 886 1529 cum
913 1492 953 1529 in
981 1502 1054 1529 usu
1074 1491 1380 1539 praeteritorum
1398 1493 1620 1538 temporum

208 1552 318 1592 verbi
339 1549 571 1593 substantivi
600 1565 623 1592 a
642 1554 803 1604 reliquis
832 1554 1085 1604 scriptoribus
1105 1554 1270 1593 maxime
1299 1552 1467 1602 differat,
1497 1554 1617 1594 etiam

210 1617 250 1656 in
278 1617 432 1667 scriptis
461 1618 634 1667 singulis,
665 1630 764 1668 quae
793 1619 876 1667 ipse
906 1619 1130 1668 composuit,
1168 1618 1326 1656 minime
1362 1618 1526 1657 eandem
1555 1630 1616 1658 se-

210 1685 321 1722 cutus
349 1685 410 1721 est
443 1682 647 1722 rationem,
703 1682 803 1722 Nam
838 1683 878 1722 in
916 1684 1069 1733 scriptis
1106 1681 1319 1721 minoribus
1355 1683 1617 1731 praeteritum

208 1746 330 1785 multo
349 1746 595 1795 paucioribus
618 1747 710 1785 locis
738 1746 985 1786 desideratur
1013 1758 1130 1796 quam
1157 1747 1198 1784 in
1225 1745 1398 1785 historiis
1427 1750 1468 1785 et
1495 1758 1616 1786 anna—

209 1809 321 1858 libus,
351 1821 467 1860 quam
496 1809 543 1850 ob
571 1821 656 1850 rem
683 1821 784 1849 nune
811 1810 878 1850 illa
905 1811 1030 1860 primo
1058 1810 1141 1850 loco
1170 1813 1343 1849 tractare
1372 1810 1500 1850 liceat.

316 1875 425 1922 Quod
452 1876 573 1925 igitur
600 1877 796 1925 dialoymn
825 1876 980 1924 attinet,
1011 1881 1095 1913 erat
1130 1875 1170 1913 in
1198 1874 1400 1913 enuntiato
1428 1874 1616 1923 primario

210 1938 322 1978 deest
354 1940 413 1988 12,
445 1940 496 1980 14
524 1940 612 1991 (nec
640 1926 728 1981 ulsis
756 1944 825 1980 aut
852 1940 977 1990 gloria
1003 1939 1127 1978 maior
1155 1942 1224 1979 aut
1251 1939 1453 1989 augustior
1480 1937 1616 1987 honor,

208 2003 376 2052 primum
403 2005 507 2053 apud
534 2005 627 2044 deos
645 2003 711 2056 —)
730 2017 830 2055 quae
858 2005 1013 2045 omissio
1042 2015 1128 2043 cum
1163 2004 1265 2053 apud
1293 2004 1467 2043 dativum
1488 2006 1619 2043 exstet

208 2078 286 2106 non
326 2068 383 2107 ita
433 2068 541 2116 levis,
586 2072 719 2108 tamen
765 2071 943 2110 vividiori
986 2069 1104 2109 colori
1146 2068 1372 2109 elocutionis
1414 2066 1616 2107 efficiendo

209 2133 375 2173 maxime
404 2137 497 2184 apta
526 2137 597 2174 est.
654 2134 767 2175 Alter
795 2135 901 2175 locus
930 2138 1060 2175 exstat
1087 2135 1150 2183 36,
1180 2134 1205 2173 9
1240 2132 1343 2183 (hinc
1379 2132 1487 2181 leges
1521 2132 1617 2172 assi-

209 2197 308 2238 duae
345 2202 386 2239 et
421 2199 609 2248 populare
645 2210 786 2239 nomen
814 2222 865 2227 —
892 2198 981 2238 hinc
1014 2198 1210 2238 contiones
1246 2197 1334 2236 hinc
1371 2195 1463 2246 etc.)
1500 2208 1617 2246 quem

208 2274 321 2302 usum
349 2263 468 2303 etiam
496 2263 599 2313 apud
628 2263 854 2303 Ciceronem
882 2263 1037 2313 saepius
1079 2262 1245 2302 inveniri
1282 2272 1401 2311 supra
1438 2260 1516 2310 (pg.
1549 2262 1614 2312 16)

208 2379 317 2412 neque
340 2370 527 2403 constantia
548 2370 634 2403 inter
657 2370 759 2403 dubia
780 2368 969 2413 indigebat:
993 2379 1036 2402 ex
1059 2369 1189 2402 diverso
1212 2366 1335 2409 trepidi
1356 2366 1477 2400 milites
1494 2368 1524 2397 Γ
1541 2366 1613 2399 dux

209 2423 352 2465 segnisr
369 2427 402 2457 et
424 2425 514 2457 velut
537 2429 655 2466 captus
686 2424 784 2456 animi
813 2433 879 2457 non
908 2424 1020 2464 lingua
1041 2432 1107 2455 non
1131 2421 1266 2455 auribus
1292 2423 1484 2463 competere
1504 2430 1614 2462 neque

209 2477 325 2510 alienis
338 2478 483 2511 consiliis
495 2478 567 2520 reqi
578 2487 687 2520 neque
711 2486 772 2510 sua
795 2476 1190 2519 expedire—postremo
1211 2493 1242 2498 -
1268 2474 1615 2517 circumspectabant.

208 2530 407 2574 inrumpunt
428 2531 595 2565 Vitelliani
619 2535 652 2564 et
676 2536 794 2564 cuncta
816 2531 974 2573 sanguine
1062 2529 1269 2571 flammisqno
1293 2527 1444 2563 miscent.

1307 2594 1358 2625 2*
