1804 2909
614 405 802 465 Index
852 418 1062 464 rerum.

0 587 6 604 ι
1434 601 1534 630 Pagin-

165 646 190 680 1.
221 647 459 690 Prolegomena
505 674 1451 683 .......................
1525 651 1538 680 ι

152 700 194 733 11.
226 701 277 735 De
300 702 476 736 indicativo
499 706 683 745 temporum
705 702 973 745 praeteritorum.

229 757 255 787 1.
288 755 341 788 De
362 765 425 789 usu
447 756 648 798 reliquorum
672 756 867 798 scriptorum
888 780 1450 789 ..............
1505 757 1542 787 16

231 809 261 843 2.
295 808 347 841 De
369 818 433 841 usu
455 809 616 842 Tacitino.
660 812 700 842 A.
722 809 774 842 De
797 810 929 851 scriptis
953 810 1134 843 minoribus
1143 834 1450 842 ........
1504 811 1541 841 18

232 864 260 895 3.
294 863 330 895 Β.
355 863 406 895 De
419 863 566 896 historiis
590 867 624 896 et
646 863 829 896 annalibus.
853 873 881 897 a.
895 864 947 896 De
960 864 1190 905 coniugatione
1212 862 1457 904 periphrastica
1502 864 1539 894 21

224 919 255 948 4.
289 916 322 949 b.
356 917 408 949 De
430 927 493 950 usu
526 922 711 959 temporum
743 918 998 960 praeteritorum
1020 914 1113 950 verbi
1142 916 1257 957 sabati,
1292 919 1455 957 quatenus

285 970 372 1012 apud
394 980 512 1004 nomen
537 975 599 1004 etc.
624 976 729 1005 exsta.
778 977 802 1004 ι.
827 971 878 1004 De
902 970 1080 1003 enuntiatis
1102 969 1266 1011 primariis
1274 994 1451 1002 .....
1501 970 1541 1001 25

223 1026 251 1056 5.
286 1026 316 1056 2.
338 1024 390 1057 De
414 1024 591 1057 enuntiatis
615 1025 820 1058 secundariis
842 1049 1448 1058 ...............
1499 1025 1540 1056 38

134 1077 192 1110 111.
226 1078 278 1111 De
300 1077 400 1111 futuri
424 1078 516 1112 verbi
539 1078 644 1112 substi
664 1088 728 1113 usu
757 1103 1447 1112 .................
1498 1078 1540 1112 46

133 1131 189 1165 IV.
220 1132 272 1165 De
295 1132 578 1166 coniunctivorum
600 1133 692 1167 verbi
715 1135 818 1167 substi
852 1143 923 1166 usu.

224 1188 249 1218 1.
272 1185 324 1218 De
348 1195 411 1219 usu
432 1186 570 1219 aliorum
593 1186 790 1229 scriptorum
799 1210 1448 1219 ................
1498 1187 1539 1217 48

224 1240 252 1271 2.
277 1238 329 1272 De
352 1248 414 1273 usu
437 1239 546 1273 Taciti
585 1265 1448 1274 .....................
1501 1242 1536 1271 51

140 1291 180 1325 V.
215 1291 391 1327 Conclusio
405 1318 1443 1329 .........................
1499 1296 1540 1326 56

284 1614 420 1672 Index
460 1614 655 1673 locorum
697 1616 849 1674 critica
887 1616 1062 1674 ratione
1100 1620 1404 1676 tractatorum.

704 1852 769 1880 Pag.
828 1853 830 1875 Ι
1471 1855 1534 1881 Pag.

66 1927 68 1931 ,
129 1894 209 1927 Hor,
234 1899 311 1928 satt.
333 1895 372 1929 11.
398 1899 427 1938 2,
451 1900 490 1928 66
499 1922 677 1931 .....
727 1901 769 1930 49
826 1919 830 1948 ¹
899 1899 965 1931 eie.
990 1899 1032 1931 ad
1055 1901 1123 1931 Att.
1147 1901 1172 1932 1.
1200 1903 1236 1931 14
1266 1926 1442 1933 .....
1497 1903 1533 1932 16

129 1952 207 1986 Hor.
232 1964 306 1996 epp.
330 1955 354 1988 1.
380 1958 409 1997 3,
432 1958 472 1988 30
501 1982 675 1989 .....
727 1960 767 1990 49
826 1950 829 2010 p
897 1957 977 1989 Tac.
1001 1958 1078 1999 Agr.
1104 1959 1155 1999 22,
1178 1960 1196 1990 8
1223 1984 1442 1991 ......
1493 1961 1532 1991 2ο

130 2011 194 2045 Cic.
219 2012 276 2046 off.
298 2013 323 2046 Ι.
347 2013 374 2055 ς.
397 2016 440 2046 58
456 2039 676 2048 ......
727 2018 767 2048 49
826 2011 828 2084 j
941 2041 960 2058 ‚,
1006 2017 1090 2050 nial.
1119 2020 1144 2059 1,
1175 2020 1192 2050 8
1223 2043 1441 2051 ......
1493 2020 1532 2050 52

131 2070 208 2104 sau.
233 2072 302 2114 lug,
328 2075 396 2116 113,
423 2076 434 2105 1
457 2099 674 2108 ......
727 2078 767 2107 50
826 2087 828 2095 ν
939 2101 958 2117 ,,
1046 2101 1065 2118 ,,
1110 2079 1160 2119 31,
1187 2079 1223 2109 14
1264 2103 1440 2110 .....
1493 2079 1531 2108 52

130 2130 396 2167 sa11.Hist.1v.
421 2135 471 2175 61,
495 2135 545 2166 2.
582 2161 588 2166 .
625 2161 630 2167 .
668 2161 673 2167 .
727 2122 766 2167 50
825 2098 828 2171 i
938 2159 957 2176 ‚‚
1002 2136 1088 2168 Ann.
1111 2136 1135 2168 1.
1161 2137 1211 2177 32,
1239 2139 1275 2168 15
1306 2162 1312 2169 .
1349 2163 1354 2168 .
1391 2162 1397 2168 .
1433 2162 1440 2169 .
1491 2138 1530 2169 48
