1804 2909
796 203 1058 243 -37-

333 306 370 350 7.
417 310 477 350 De
506 310 704 352 adverbio.
743 309 789 350 cf.
826 320 889 359 pg.
919 309 983 349 32.
1043 307 1279 347 Omissiones
1316 309 1405 356 post
1441 306 1626 346 adverbia

225 375 300 415 loci
335 374 526 423 plurimae
563 378 666 414 sunt.
720 375 889 413 Exstant
925 372 1029 412 enim
1067 375 1156 420 post
1191 371 1280 408 inde
1315 370 1364 411 Η.
1394 371 1421 409 1.
1453 371 1515 418 19,
1548 371 1568 409 1
1587 371 1624 420 *)

223 438 288 487 58,
317 437 353 478 8.
382 436 427 479 11.
457 438 494 487 8,
526 438 585 478 14.
614 437 679 486 58,
709 438 746 478 8.
774 436 834 475 111.
863 435 928 485 27,
958 436 996 475 8.
1025 435 1088 473 IV.
1118 433 1179 474 82.
1212 434 1246 473 1.
1276 434 1340 482 33,
1369 434 1407 473 9.
1438 434 1499 482 13,
1517 433 1554 474 5.
1572 456 1624 461 —

224 501 260 541 A
298 502 326 542 l.
354 502 418 551 22,
450 503 485 542 1.
513 502 578 550 41,
608 502 645 542 6.
674 502 738 549 51,
771 501 831 540 19.
862 499 926 548 63,
955 500 993 540 8.
1023 500 1086 547 66,
1116 499 1152 539 2.
1182 498 1243 537 III.
1272 498 1335 545 55,
1369 499 1428 538 15.
1468 499 1529 536 lv.
1558 499 1624 547 54,

228 566 293 607 10.
324 565 387 607 XI.
417 566 455 615 5,
486 566 521 605 1.
549 565 613 615 24,
642 564 707 606 27.
737 564 832 603 ΧΠ.
872 564 935 612 60,
969 563 1028 611 13,
1065 564 1154 612 post
1195 562 1283 600 hinc
1317 561 1367 601 H.
1395 562 1439 602 11.
1469 563 1532 611 53,
1564 564 1625 604 11.

224 630 285 671 III.
316 630 379 678 25,
411 631 473 670 18.
512 630 576 678 68,
618 630 665 669 17
681 628 739 680 **)
766 629 830 668 lV.
868 629 906 676 6,
938 628 999 667 12.
1037 627 1100 675 35,
1133 628 1194 666 19.
1224 627 1288 675 34,
1321 628 1382 666 16.
1411 649 1461 655 --
1490 629 1536 667 A.
1564 629 1625 668 VI.

227 693 289 742 17,
320 695 354 734 1.
385 694 449 743 50,
482 693 542 733 19.
571 691 662 731 XII.
691 692 728 731 4.
758 692 795 732 5.
834 690 918 730 XII.
946 691 1012 739 39,
1040 691 1078 731 4.
1107 712 1159 717 ——
1187 690 1250 729 XI.
1280 690 1344 738 35,
1374 691 1398 730 8
1438 691 1624 743 (dehinc.)

159 757 162 759 ’
223 757 273 797 Η.
312 757 338 797 I.
376 758 439 805 76,
478 758 503 797 6
539 754 775 807 (nusquam).
804 777 856 784 —-
883 755 932 793 H.
969 755 997 793 1.
1026 755 1090 803 20,
1129 757 1154 795 9
1192 754 1369 807 (ubique)
1403 777 1457 784 —
1484 756 1534 795 H.
1564 757 1626 796 IV.

225 822 289 869 20,
322 821 370 860 13
401 818 500 871 (ibi).
530 841 582 846 —
609 819 659 858 H.
690 820 716 857 I.
746 819 810 867 82,
838 819 866 857 4
895 818 1098 869 (undique)
1134 820 1194 857 111.
1234 820 1298 867 24,
1332 819 1393 860 13.
1423 841 1476 847 --
1503 820 1552 859 Η.
1581 821 1626 860 11.

226 886 292 934 84,
320 885 347 924 4
376 883 569 936 (passim).
599 906 652 911 —
678 884 724 923 A.
754 884 799 922 V.
828 884 866 931 4,
899 883 947 923 13
976 881 1112 935 (unde)
1148 882 1212 921 VI.
1241 883 1305 931 30,
1339 884 1399 925 10.
1436 883 1532 924 XVI.
1566 885 1626 933 18,

227 950 290 991 12.
344 948 531 989 Rariores
559 948 785 988 omissiones
814 947 917 997 apud
944 947 1023 986 alia
1050 947 1236 986 adverbia
1264 951 1375 987 sunt:
1404 947 1454 988 H.
1472 948 1531 987 111.
1562 947 1626 996 83,

228 1015 278 1055 12
305 1011 451 1066 (nunc).
480 1035 533 1042 —-
560 1013 605 1052 A.
636 1012 731 1053 XIV.
766 1012 831 1061 57,
863 1012 911 1052 18
949 1012 1036 1062 (nec
1064 1011 1169 1051 ultra
1204 1010 1343 1062 mora).
1372 1036 1424 1040 —-
1451 1013 1497 1052 A.
1528 1013 1625 1053 XIV.

225 1078 289 1126 63,
321 1078 368 1116 11
399 1076 526 1128 (tum).
554 1098 607 1104 —
635 1076 732 1116 ΧΠ.
763 1079 799 1124 7,
831 1077 892 1115 11.
923 1075 1033 1127 (Post
1069 1076 1218 1116 Seneca
1253 1076 1442 1116 hactenus
1469 1088 1627 1126 promp—

225 1140 333 1193 tius),
362 1141 413 1181 ad
440 1152 556 1191 quem
583 1141 708 1181 locum
721 1141 901 1190 Draeger
928 1140 1091 1181 verbum
1118 1141 1258 1191 agendi
1285 1141 1424 1181 deesse
1451 1142 1626 1190 adnotat,

225 1206 295 1246 sed
322 1205 443 1245 etiam
471 1217 556 1243 esse
585 1205 758 1255 suppleri
786 1208 927 1254 potest.
957 1228 1010 1233 ——
1045 1205 1263 1245 Positiones
1299 1209 1389 1255 post
1426 1206 1522 1245 talia
1559 1207 1628 1245 ad-

226 1270 365 1311 verbia
391 1270 615 1311 rarissimae
643 1273 754 1310 sunt:
783 1270 830 1310 A.
859 1270 887 1308 1.
916 1270 953 1318 9,
986 1271 1005 1309 1
1039 1268 1160 1322 (hinc)
1198 1270 1293 1310 Xlll.
1318 1270 1383 1320 39,
1415 1272 1464 1311 18
1494 1270 1627 1322 (inde),

227 1345 383 1384 semper
426 1337 558 1374 autem
601 1333 663 1373 his
702 1334 797 1373 locis
832 1334 1027 1383 emphasis
1056 1338 1245 1384 usurpata
1286 1338 1359 1374 est.
1414 1335 1630 1375 Praeterea

226 1411 261 1439 v.
289 1398 446 1439 substum
473 1398 671 1438 invenitur
697 1401 787 1448 post
821 1399 921 1437 unde
958 1398 1007 1438 H.
1037 1399 1064 1438 1.
1094 1398 1158 1448 56,
1189 1400 1224 1438 7.
1254 1400 1315 1441 IV.
1345 1401 1409 1448 62,
1443 1400 1503 1448 10,
1541 1404 1630 1450 post

227 1465 320 1502 exin
363 1464 410 1503 A.
439 1464 502 1502 111.
540 1464 605 1512 28,
642 1464 688 1512 4,
728 1466 816 1513 post
851 1467 1005 1513 frustra
1045 1463 1093 1502 H.
1123 1464 1151 1501 l.
1191 1464 1261 1511 75,
1290 1464 1337 1512 4,
1374 1476 1412 1513 p.
1455 1466 1540 1503 illic
1580 1465 1628 1504 H.

227 1528 273 1568 11.
303 1528 367 1576 47,
398 1530 433 1576 7,
462 1531 551 1577 post
573 1533 733 1577 praesto
768 1523 817 1567 H.
846 1528 891 1567 11.
920 1528 984 1576 59,
1014 1529 1052 1575 3,
1081 1531 1171 1576 post
1198 1528 1254 1566 ibi
1292 1528 1342 1566 H.
1371 1529 1431 1566 111.
1462 1529 1526 1576 69,
1567 1528 1629 1567 12.

670 1645 696 1674 y.
741 1633 797 1666 De
818 1632 1199 1673 plusquamperfecto.

332 1708 508 1748 Positum
546 1711 609 1748 est
643 1720 678 1747 v.
716 1708 892 1747 substum:
922 1719 957 1746 a.
986 1707 1090 1756 apud
1131 1707 1428 1748 substantivum.
1486 1709 1536 1749 H.
1565 1709 1628 1748 III.
1709 1701 1718 1708 '

228 1774 293 1821 37,
326 1772 387 1813 13.
416 1772 462 1811 A.
492 1773 519 1810 1.
548 1772 613 1820 56,
644 1773 705 1812 17.
735 1772 799 1811 XI.
815 1771 878 1820 22,
909 1773 944 1811 7.
974 1772 1010 1810 b.
1040 1772 1143 1821 apud
1172 1772 1417 1812 adiectivum.
1448 1773 1498 1813 H.
1516 1774 1543 1813 l.
1567 1774 1628 1821 12,

228 1839 264 1878 6.
296 1837 340 1875 II.
360 1837 398 1884 6,
427 1837 463 1876 6.
493 1837 555 1876 111.
584 1837 647 1884 79,
666 1836 703 1876 4.
760 1847 792 1875 c.
821 1836 924 1885 apud
952 1836 1136 1877 dativum.
1164 1836 1210 1875 A.
1228 1836 1289 1874 IV.
1309 1835 1373 1884 44,
1392 1837 1428 1877 2.
1468 1837 1505 1876 d.
1525 1838 1629 1886 apud

226 1901 547 1951 praepositiones.
586 1900 634 1940 A.
663 1900 689 1941 1.
727 1900 792 1949 53,
822 1900 846 1939 3
875 1898 946 1951 (10)
976 1900 1019 1941 11.
1056 1900 1120 1949 52,
1158 1901 1207 1940 21
1240 1899 1406 1952 (penes).
1463 1913 1496 1941 e.
1527 1902 1630 1951 apud

226 1965 424 2005 adverbia.
467 1965 516 2006 H.
533 1965 593 2004 IV.
624 1966 687 2014 84,
721 1966 780 2005 15.
809 1987 862 1992 ——-
889 1965 1126 2005 Omissiones
1147 1968 1333 2015 quattuor
1356 1964 1503 2014 habeo,
1534 1964 1630 2006 duas

226 2030 330 2080 apud
370 2030 582 2071 adiectiva:
625 2030 675 2070 H.
711 2030 772 2069 IV.
810 2031 874 2078 44,
916 2030 967 2070 10
1004 2029 1204 2080 (Sosianus
1241 2029 1438 2078 pravitate
1476 2041 1629 2070 morum

225 2095 358 2134 multis
386 2094 603 2145 exitiosus),
641 2094 708 2134 ubi
735 2093 1103 2144 plusquamperfect.
1144 2096 1397 2143 interfecerat
1430 2097 1631 2136 antecedit

311 2244 339 2282 ³)
362 2243 514 2276 Heraeus
537 2242 580 2275 ad
609 2243 641 2275 h.
665 2243 687 2276 l.
710 2242 808 2275 dicit:
853 2242 954 2284 „Inde
985 2253 1015 2275 u.
1047 2243 1134 2275 unde
1166 2243 1277 2275 finden
1305 2244 1377 2276 sich
1401 2253 1443 2276 an
1473 2248 1560 2278 etwn⁴
1591 2249 1630 2278 40

227 2296 356 2329 Stellen
378 2296 465 2329 ohne
488 2295 644 2329 Verbum.
689 2296 892 2338 Abgesehen
923 2305 996 2329 vom
1019 2296 1148 2329 Ausfall
1171 2307 1198 2329 v.
1224 2306 1300 2330 esse
1330 2297 1405 2330 sind
1428 2308 1464 2331 es
1488 2298 1542 2331 die
1565 2299 1629 2331 Be-

225 2350 319 2392 griffe
345 2350 560 2392 „„werden‘¹“
584 2350 652 2384 und
676 2351 937 2392 „„entstehen·“
962 2350 1014 2384 die
1038 2350 1109 2384 sich
1133 2350 1230 2384 dabei
1252 2360 1312 2385 aus
1330 2351 1405 2386 dem
1416 2352 1629 2386 Zusammen-

228 2404 317 2445 hang
340 2404 514 2446 ergeben.“

312 2460 353 2501 “*)
383 2459 552 2493 Heraeus:
587 2459 681 2501 „eine
711 2459 864 2501 haeufige
898 2459 1027 2502 Ellipse
1055 2459 1116 2494 wie
1138 2459 1173 2493 in
1203 2459 1277 2493 dem
1308 2459 1500 2494 bekannten
1534 2461 1631 2499 ‚hinc

226 2512 304 2546 illae
341 2512 530 2548 lacrimae.“
585 2513 624 2546 cf.
655 2513 723 2547 Cic.
754 2513 795 2547 de
826 2513 878 2547 off.
902 2515 932 2548 Ι.
963 2516 1002 2546 25
1033 2514 1121 2556 (hine
1154 2523 1205 2556 ap.
1236 2514 1463 2549 Athenienses
1490 2525 1632 2558 magnae

227 2565 436 2608 discordiae).
