1804 2909
144 239 310 280 ostendi.
355 239 559 279 Invenitur
588 246 676 279 erat
696 244 828 281 autem
859 242 921 288 19,
955 241 1016 281 14.
1048 240 1119 288 19,
1151 241 1200 281 18
1229 245 1349 292 atque
1376 241 1424 282 iis
1450 239 1557 288 locis,

146 303 287 354 quibus
330 304 453 354 deest,
498 304 770 354 imperfectum
806 305 1013 354 antecedit,
1045 304 1108 343 vel
1148 304 1411 355 subsequitur.
1473 302 1561 343 Fuit

145 369 248 418 apud
287 370 572 419 comparativos
608 369 667 409 bis
696 370 880 410 omissum
920 374 993 418 est,
1026 370 1086 417 18,
1123 370 1172 409 18
1210 367 1281 421 (sic
1309 368 1449 410 Catoni
1476 368 1560 410 seni

145 436 394 482 comparatus
422 433 469 472 G.
500 433 699 473 Gracchus
728 434 881 483 plenior
910 437 951 473 et
979 433 1138 473 uberior
1166 432 1270 484 etc.),
1287 434 1363 486 25,
1397 434 1443 473 17
1474 433 1558 483 (ad-

142 497 318 538 strictior
347 496 501 547 Calvus,
536 499 781 539 numerosior
817 498 987 548 Asinius,
1017 498 1255 548 splendidior
1292 497 1439 539 Caesar
1467 495 1559 550 etc.)

142 562 188 600 In
232 562 446 601 enuntiatis
489 563 729 602 secundariis
771 563 877 602 nulla
919 567 1049 602 exstat
1090 562 1262 610 omissio,
1301 565 1439 601 contra
1475 557 1584 600 erat*

141 626 183 665 in
224 626 430 666 enuntiato
471 626 637 668 relativo
666 628 837 678 positum
878 631 939 668 est
968 628 1004 677 2,
1051 628 1111 668 12.
1155 628 1218 676 28,
1264 626 1325 667 14.
1379 627 1442 675 28,
1482 627 1558 675 173

141 692 219 738 fuit
248 691 311 737 22,
344 692 379 728 1.
1329 696 1331 699 ’

251 753 366 793 Inter
407 754 553 803 scripta
596 755 750 794 minora
794 755 984 804 Aqricola
1020 754 1208 804 plurimas
1256 753 1414 795 exhibet
1459 757 1557 795 tem-

141 830 282 867 porum
311 819 619 867 praeteritorum
648 820 888 858 omissiones.
960 821 1086 857 Erat
1128 821 1226 856 enim
1269 821 1309 857 in
1350 821 1560 857 enuntiatis

140 884 347 933 primariis
366 886 508 933 quater
529 883 735 931 omittitur,
766 883 804 921 in
824 883 974 932 coniug.
997 882 1242 933 periphr.18,
1261 882 1287 922 5
1306 882 1554 934 (obtriverat,

145 960 271 997 eoque
300 948 412 988 initio
441 952 575 987 erecta
603 948 833 997 provincia),
863 948 965 996 apud
996 949 1230 987 adiectivum
1246 949 1310 996 22,
1327 949 1363 996 8,
1401 948 1467 987 ubi
1504 948 1558 988 sic

142 1014 238 1060 puto
266 1011 476 1060 legendum
506 1022 593 1051 esse
628 1012 797 1051 «nullum
826 1036 876 1040 —
907 1012 1109 1051 castellum
1137 1035 1190 1039 —
1219 1012 1431 1059 desertum,
1468 1022 1558 1051 nam

144 1076 335 1116 adversus
363 1088 494 1116 moras
534 1076 744 1117 obsidionis
781 1077 918 1116 annuis
947 1076 1066 1126 copiis
1102 1075 1372 1125 firmabantur,
1408 1077 1465 1116 ita
1500 1076 1559 1116 in-

141 1141 299 1189 trepida
341 1140 395 1178 ibi
438 1140 562 1179 hiems
591 1141 753 1180 crebrae
782 1140 1015 1180 offensiones
1043 1144 1086 1179 et
1114 1141 1187 1179 sibi
1215 1141 1379 1190 quisque
1408 1140 1558 1189 praesi-

141 1205 241 1244 dio.»
288 1205 412 1252 Quam
456 1205 800 1254 transpositionem
844 1216 914 1254 pro
957 1205 1092 1245 ordine
1134 1204 1344 1245 verborum
1381 1216 1405 1245 a
1447 1203 1556 1244 codd.

141 1270 289 1309 oblato:
350 1287 426 1300 >›-
468 1270 670 1308 desertum
720 1270 882 1309 crebrae
934 1269 1179 1318 eruptiones,
1237 1281 1326 1308 nam
1368 1270 1558 1309 adversus

139 1346 270 1374 moras
324 1338 421 1374 ete.»
481 1334 660 1373 Halmius
710 1334 924 1384 proposuit.
1010 1334 1072 1373 Sic
1120 1334 1223 1373 enim
1264 1334 1410 1384 optime
1467 1343 1557 1373 con-

136 1411 257 1439 nexus
300 1400 585 1438 sententiarum
635 1410 677 1437 se
728 1399 868 1437 habet:
938 1399 1095 1437 Nullum
1147 1399 1350 1438 castellum
1393 1398 1441 1438 ab
1484 1398 1554 1437 ho-

135 1463 260 1503 stibus
310 1466 576 1512 expugnatnm
627 1466 696 1501 aut
745 1462 794 1501 ab
836 1463 1019 1501 Romanis
1066 1463 1266 1503 desertum
1308 1466 1380 1502 est.
1454 1463 1554 1503 Nam

135 1529 270 1577 copiae
313 1527 460 1566 multae
490 1528 667 1566 aderant.
725 1527 808 1574 Quo
851 1526 996 1566 factum
1040 1530 1120 1574 est,
1165 1531 1210 1567 ut
1252 1528 1386 1578 quieta
1427 1527 1553 1567 hiems

136 1596 253 1640 esset,
284 1603 371 1631 cum
399 1591 542 1640 singuli
571 1591 819 1630 castellorum
857 1591 974 1630 duces
1016 1591 1164 1630 crebris
1202 1591 1472 1641 eruptionibus
1508 1602 1551 1631 se

137 1661 275 1697 contra
316 1657 472 1696 hostem
514 1654 783 1695 defenderent.
847 1655 1064 1696 Praeterea
1103 1657 1206 1706 apud
1252 1657 1439 1697 adverbia
1480 1657 1553 1696 loci

137 1728 224 1761 erat
252 1721 502 1761 desideratur
529 1721 593 1767 38,
624 1722 648 1760 8
679 1720 850 1769 (vastum
878 1720 1022 1770 ubique
1057 1721 1255 1760 silentium
1288 1744 1332 1749 -
1363 1720 1554 1760 fumantia

136 1787 273 1837 procul
309 1785 432 1835 tecta)
471 1786 535 1833 37,
578 1785 626 1824 12
665 1783 825 1836 (passim
854 1796 963 1823 arma
1000 1787 1041 1824 et
1076 1785 1268 1835 corpora).
1300 1807 1349 1813 —-
1378 1785 1554 1824 Positum

137 1854 200 1890 est
228 1856 313 1888 erat
349 1850 453 1898 apud
489 1849 725 1888 adiectivum
767 1849 831 1896 27,
861 1851 898 1888 3.
929 1850 992 1897 36,
1025 1852 1085 1890 16.
1115 1851 1179 1898 43,
1223 1851 1283 1899 15,
1322 1850 1426 1899 apud
1464 1849 1553 1888 sub-

137 1915 353 1953 stantivum
381 1913 445 1961 45,
475 1913 512 1960 5,
542 1913 646 1961 apud
674 1913 984 1961 praepositiones
1022 1915 1058 1961 8,
1079 1915 1138 1953 10.
1169 1915 1233 1962 21,
1252 1914 1289 1953 5.
1319 1915 1382 1962 29,
1400 1914 1438 1962 4,
1468 1924 1555 1952 cum

137 1977 317 2028 emphasi
346 1977 410 2025 22,
443 1977 493 2016 14
523 1976 582 2026 (et
611 1980 710 2024 erat,
742 1980 787 2016 ut
815 1977 933 2016 comis
962 1977 1084 2026 bonis,
1123 1979 1179 2018 ita
1216 1979 1405 2018 adversus
1431 1976 1554 2016 malos

138 2042 386 2091 iniucundus)
406 2042 471 2089 44,
492 2042 525 2089 1,
556 2042 595 2080 in
626 2053 686 2080 en.
717 2042 946 2082 disiunctivo
975 2044 1039 2091 43,
1064 2044 1101 2083 9.
1158 2044 1202 2081 In
1241 2043 1449 2081 enuntiatis
1485 2053 1554 2079 re-

140 2108 274 2145 lativis
303 2111 408 2144 erat
441 2105 553 2144 deest
582 2106 684 2155 apud
714 2107 787 2146 adi.
805 2108 842 2156 5,
867 2108 915 2147 13
946 2108 1118 2157 (ingrata
1147 2106 1387 2157 temporibus
1415 2104 1554 2156 quibus

139 2172 299 2209 sinistra
328 2182 423 2219 erga
451 2171 670 2209 eminentes
693 2171 988 2221 interpretatio)
1011 2173 1068 2211 18.
1098 2173 1161 2219 36,
1185 2174 1221 2219 6,
1251 2172 1353 2220 apud
1381 2171 1556 2209 dativum

139 2234 277 2283 29,13
322 2234 380 2284 (et
422 2234 562 2284 quibus
605 2234 724 2273 cruda
766 2246 810 2273 ac
838 2235 974 2274 viridis
1015 2235 1226 2285 senectus),
1269 2235 1308 2273 in
1352 2234 1554 2273 enuntiato

140 2299 285 2338 causali
331 2299 406 2346 10,
456 2300 501 2338 16
543 2299 651 2348 (quia
696 2321 741 2326 —-
786 2299 963 2351 iussum),
1047 2300 1223 2339 Positum
1274 2302 1335 2338 est
1383 2304 1466 2337 erat
1515 2299 1554 2336 in

140 2362 355 2402 enuntiatis
390 2362 568 2401 relativis
606 2364 710 2412 apud
747 2375 858 2403 casus
895 2365 1070 2415 obliquos
1116 2365 1176 2413 18,
1208 2365 1243 2404 6.
1291 2363 1355 2412 35,
1384 2364 1421 2412 4,
1452 2361 1554 2412 apud

140 2426 427 2471 substantivum
457 2426 520 2474 39,
544 2427 603 2475 11,
635 2428 737 2476 apud
754 2428 1085 2478 praepositionem
1107 2429 1168 2476 19,
1194 2429 1252 2468 17.
1295 2428 1340 2467 In
1369 2434 1437 2467 en⁰
1464 2438 1553 2467 con-

141 2491 289 2530 cessivo
328 2494 458 2529 exstat
487 2491 579 2540 Agr.
610 2493 675 2534 35
709 2493 769 2539 12,
807 2493 847 2531 in
876 2504 937 2532 en.
967 2494 1111 2532 causali
1149 2495 1185 2541 7,
1219 2494 1279 2541 13,
1308 2493 1347 2532 in
1376 2492 1448 2532 enis
1468 2504 1551 2532 mo-
