1804 2909
770 172 1035 215 ...43-

165 327 169 330 ¹
202 293 326 335 quens
353 279 616 332 senatoribus)
649 282 708 322 iv.
742 280 802 331 10,
832 280 868 322 5.
899 281 962 329 60,
995 280 1055 319 11.
1090 279 1152 328 65,
1177 278 1201 318 3
1242 277 1384 326 v1.44‚
1403 277 1461 317 15.
1492 277 1555 326 46,
1572 275 1608 317 5.

201 350 230 388 Ι.
260 348 323 396 74,
358 346 417 386 12.
472 347 566 387 Post
601 347 834 387 adiectivum
873 346 1064 395 plurimae
1105 344 1333 384 omissiones
1360 343 1611 383 inveniuntur

201 413 241 452 in
270 411 556 450 constructione
585 423 670 449 esse
698 424 730 449 c.
761 412 838 449 dat.
865 421 1058 458 personae
1080 420 1131 446 z.-
1161 409 1283 446 habeo
1311 406 1360 446 H.
1389 406 1458 445 III.
1490 407 1552 449 43,
1582 407 1608 445 5

204 475 322 527 (quod
349 475 511 515 Paulino
546 476 676 526 patria
702 475 847 514 Forum
873 472 975 525 Iulii)
1005 473 1067 513 lV.
1084 473 1147 512 57.
1165 473 1202 513 9.
1232 472 1294 520 67,
1325 473 1360 511 7.
1390 471 1436 509 Α.
1458 471 1502 511 V.
1518 473 1556 520 3,
1572 473 1609 512 2.

205 540 268 579 XI.
318 540 384 587 11,
430 541 474 587 7,
519 540 722 588 positionis
779 539 903 577 solum
948 549 1068 575 unum
1123 537 1163 575 in
1217 547 1265 575 ea
1318 535 1610 574 constructione

205 602 424 653 exemplum
451 602 588 651 habeo,
618 603 663 642 A.
695 602 789 642 Xlll.
818 601 882 650 41,
914 602 965 641 10
1008 600 1115 651 (quia
1155 612 1227 640 nec
1264 600 1302 640 id
1330 600 1441 640 nobis
1470 600 1612 640 virium

202 665 318 718 erat).
374 667 487 716 Apud
515 669 729 716 yenetioum
759 666 883 705 solum
910 666 1143 714 positionem
1170 665 1309 713 habeo,
1338 666 1383 703 A.
1400 666 1461 704 lv,
1494 665 1558 711 39,
1588 666 1613 704 3

203 729 337 781 (moris
367 731 510 780 quippe
538 733 621 770 tum
651 728 754 782 erat)
799 741 926 780 neque
969 729 1072 779 apud
1116 729 1330 768 ablativum
1372 728 1526 769 omissio
1554 729 1613 768 in-

201 795 370 843 venitur,
399 795 611 844 positiones
639 793 745 832 hisce
775 797 930 833 exstant
957 794 1069 833 locis:
1101 794 1150 833 H.
1171 795 1197 834 1.
1228 796 1291 842 31,
1326 794 1373 833 13
1403 793 1510 845 (quia
1538 805 1615 833 non

204 859 340 898 ordine
368 858 531 897 militiae
560 856 663 907 erat)
708 857 743 896 A
785 858 879 896 xlv.
908 858 972 906 47,
1002 859 1039 897 8.
1086 859 1164 897 XV.
1196 859 1258 907 72,
1291 859 1404 907 13*).
1460 857 1614 897 Paucae

205 925 296 963 sunt
334 923 437 972 apud
474 922 761 962 substantivum
789 923 1036 963 omissiones:
1081 924 1125 963 A.
1155 925 1215 963 lv.
1249 925 1310 972 18,
1340 926 1365 964 2
1409 923 1528 975 (quod
1556 923 1615 961 in-

204 987 333 1037 gentis
362 986 557 1026 exereitus
584 986 836 1038 moderator).
867 988 891 1026 l.
917 989 979 1036 77,
1002 989 1026 1028 9
1044 986 1150 1038 (quia
1178 1012 1230 1016 -
1257 1000 1385 1039 neque
1414 986 1503 1039 fas),
1533 987 1616 1037 ple-

210 1063 375 1102 rumque
403 1064 440 1091 v.
469 1063 498 1091 s.
529 1051 688 1101 ponitur
716 1052 764 1091 H.
794 1052 855 1092 ΠΙ.
887 1052 947 1101 12,
977 1053 1014 1092 4.
1045 1052 1090 1093 Α.
1121 1054 1180 1094 ΠΙ.
1213 1054 1345 1102 54,13
1376 1051 1484 1104 (quia
1513 1053 1616 1092 cives

207 1116 392 1168 eramus),
423 1128 499 1166 quo
516 1117 556 1156 in
571 1116 654 1156 loco
682 1117 945 1156 adnotandum
974 1121 1035 1156 est
1062 1118 1208 1166 primas
1237 1130 1281 1157 ac
1310 1117 1500 1157 secundas
1517 1120 1616 1157 tem-

205 1193 345 1232 porum
380 1182 688 1231 praeteritorum
725 1193 931 1231 personas,
976 1193 1062 1220 cum
1104 1194 1268 1232 perraro
1311 1182 1414 1232 apud
1441 1182 1617 1221 Tacitum

207 1246 470 1293 inveniantur,
500 1257 776 1295 nonnunquam
804 1246 943 1284 omitti.
999 1246 1024 1283 Ι.
1057 1247 1118 1293 14,
1144 1247 1203 1286 10.
1233 1246 1331 1285 Xlll.
1365 1247 1397 1294 1,
1429 1247 1490 1286 10.
1520 1246 1617 1284 XIV.

204 1310 268 1358 20,
299 1309 323 1348 3
353 1308 512 1361 (quippe
542 1312 657 1349 erant
684 1308 765 1361 qui)
808 1308 854 1349 cf.
883 1320 948 1359 pg.
978 1310 1042 1349 34.
1099 1309 1213 1359 Apud
1248 1311 1443 1348 numerale
1482 1309 1619 1359 copula

163 1399 165 1401 ν
211 1377 341 1414 exstat
368 1374 417 1413 H.
433 1375 494 1413 111.
512 1375 549 1422 9,
571 1374 632 1423 14,
663 1374 766 1424 apud
794 1374 1015 1412 adverbium
1046 1373 1094 1413 A.
1110 1375 1171 1414 vl.
1187 1376 1250 1423 39,
1269 1376 1320 1415 10
1347 1373 1431 1426 (sed
1448 1374 1618 1424 quod—-

205 1450 333 1489 neque
361 1450 480 1488 supra
509 1439 627 1491 erat),
657 1439 760 1488 apud
785 1440 1098 1488 praepositiones
1139 1439 1221 1478 A.1
1252 1440 1317 1487 58,
1348 1440 1383 1480 9.
1427 1439 1454 1478 1.
1472 1438 1535 1487 44,
1558 1439 1616 1479 11.

207 1504 269 1542 111.
299 1503 364 1551 74,
394 1504 430 1551 9,
460 1506 669 1552 praeterea
696 1503 745 1542 H.
775 1504 801 1542 1.
833 1501 894 1550 39,
925 1502 949 1541 3
979 1501 1064 1554 (seu
1095 1504 1185 1553 quia
1213 1502 1328 1555 erat).

312 1569 348 1607 4.
391 1568 455 1606 Ex
495 1569 702 1606 enuntiatis
745 1568 1023 1617 temporalibus
1063 1580 1260 1618 perpauca
1301 1568 1375 1608 huc
1416 1568 1618 1618 pertinent

210 1633 398 1681 exempla,
428 1635 559 1673 tamen
588 1633 627 1670 in
656 1632 832 1670 omnibus
851 1632 988 1680 copula
1006 1632 1129 1679 deest,
1160 1644 1246 1670 oum
1263 1633 1466 1681 positionis
1486 1643 1617 1671 exem-

208 1696 315 1746 plum
342 1708 418 1735 non
446 1695 624 1735 habeam.
680 1695 809 1735 Semel
837 1699 926 1744 post
954 1696 1073 1734 donec
1100 1709 1135 1735 v.
1167 1696 1323 1737 substum
1352 1697 1536 1737 omissum
1556 1699 1618 1736 est

208 1761 255 1799 A.
284 1761 344 1799 111.
379 1761 438 1807 15,
469 1760 493 1798 2
533 1759 670 1811 (donec
701 1759 831 1798 Pisoni
869 1760 1021 1799 mediae
1052 1761 1176 1811 spes),
1206 1761 1273 1800 ubi
1300 1762 1340 1799 in
1369 1761 1619 1800 vernaculam

209 1825 383 1874 linguam
409 1824 642 1863 vertendum
671 1826 732 1863 est
759 1835 831 1873 per
858 1835 902 1861 so
932 1824 1046 1873 lanqe
1074 1825 1147 1871 als,
1177 1827 1313 1864 contra
1340 1825 1373 1864 si
1411 1825 1471 1863 bis
1500 1824 1617 1874 signi-

213 1888 315 1936 ficat,
357 1900 448 1928 raro
491 1889 695 1927 omittitur.
767 1888 881 1927 Aliae
911 1889 1136 1927 omissiones
1169 1892 1260 1928 sunt
1301 1889 1350 1927 H.
1392 1890 1435 1927 ΙΙ.
1475 1890 1546 1939 72,
1593 1890 1617 1929 8

211 1951 434 2002 (postquam
475 1952 583 1991 nulla
624 1974 677 1979 -—
718 1950 830 2003 fides)
874 1952 935 1991 111.
967 1952 1027 2000 13,
1057 1953 1081 1992 9
1126 1950 1207 2004 (ubi
1235 1975 1287 1979 ——
1315 1950 1514 2003 proditio).

316 2017 353 2056 5.
396 2017 454 2054 De
497 2018 703 2054 enuntiatis
741 2017 1084 2057 condicionalibus.
1143 2018 1184 2055 ln
1221 2017 1369 2066 protasi
1398 2017 1553 2066 saepius
1582 2029 1617 2055 v.

211 2080 367 2120 subst¹¹¹¹²
395 2081 579 2121 omissum
606 2084 678 2129 est,
709 2081 811 2131 apud
840 2081 1074 2121 adiectivum
1102 2082 1150 2121 H.
1167 2083 1227 2121 lv,
1245 2082 1307 2130 29,
1324 2082 1350 2121 5
1394 2081 1452 2134 (et
1480 2083 1512 2121 si
1532 2083 1619 2132 quis

208 2139 372 2185 'audacia
400 2149 469 2185 aut
495 2146 709 2198 insignibus
737 2146 950 2195 effulgenss
975 2146 1024 2186 ad
1051 2147 1170 2186 ictum
1198 2145 1476 2199 destinabant),
1515 2148 1619 2197 apud

211 2210 435 2258 genetivum
463 2211 511 2250 H.
529 2212 671 2259 1V.46,
691 2212 751 2251 11.
784 2211 832 2250 A.
851 2211 928 2249 XV.
948 2212 1007 2259 11,
1040 2213 1061 2251 7
1086 2210 1278 2262 (peditum
1308 2212 1341 2250 si
1371 2213 1485 2261 quis),
1516 2212 1619 2261 apud

216 2273 430 2314 ablativum
458 2274 505 2313 A.
534 2274 693 2323 X11.41,
725 2276 773 2315 13
800 2274 936 2327 (etiam
958 2274 1188 2314 libertorum
1216 2275 1248 2313 si
1277 2275 1363 2324 quis
1392 2276 1619 2325 incorrupta

216 2336 326 2388 fide).
382 2339 427 2378 In
457 2339 615 2388 apodosi
644 2339 782 2388 copula
810 2340 940 2388 posita
968 2342 1028 2378 est
1054 2339 1103 2378 H.
1123 2339 1148 2377 Ι.
1167 2339 1228 2388 15,
1245 2340 1281 2380 3.
1325 2339 1371 2379 A.
1403 2341 1428 2378 1.
1459 2341 1524 2389 42,
1557 2342 1618 2381 13.

301 2532 327 2573 ·)
350 2531 388 2564 In
411 2531 661 2565 constructione
684 2541 756 2564 esse
779 2542 798 2564 c
830 2528 900 2568 dat.
924 2534 974 2567 rei
996 2544 1063 2568 una
1086 2539 1197 2568 exstat
1221 2535 1357 2568 omissio
1380 2536 1420 2568 A.
1437 2535 1491 2568 v1.
1515 2537 1567 2577 46,
1590 2537 1619 2569 8.
