1804 2909
776 469 1007 530 vita.
1245 444 1308 501 Φ

0 706 55 735 ³
125 708 127 712 ’
300 706 428 748 Natus
456 718 552 755 sum,
583 705 752 755 Carolus,
781 704 1042 755 Hieronymus
1078 704 1326 744 Hermannus
1363 702 1598 753 Wetzell,

0 761 43 784 ⁷⁵³
74 784 76 786 ’
196 771 640 820 HombergiHassorum
669 771 731 810 die
749 770 814 810 VI.
844 782 893 809 m.
915 769 1147 809 Novembris
1175 768 1598 809 a.h.s.MDCCCL111.

199 837 315 883 patre
333 835 571 882 Hermanno,
601 835 671 873 Ida
686 837 824 873 matre.
881 833 990 872 Fidei
1019 834 1196 872 addictus
1230 844 1314 872 sum
1342 833 1602 882 evangelicae.

165 926 168 929 >
194 898 419 938 Literarum
446 898 668 947 primordiis
702 897 895 945 imbutus,
926 896 1107 937 Cassellis
1137 898 1214 937 adii
1240 897 1495 947 gymnasium,
1525 898 1600 947 Ly-

193 973 304 1002 ceum
344 962 695 1009 Friedericianum,
739 961 840 1011 quod
881 960 1072 1000 Matthiae
1119 961 1189 1000 sub
1236 962 1417 1011 auspiciis
1460 962 1600 1001 deinde

192 1024 310 1075 Vogti
337 1029 430 1065 tunc
457 1026 644 1075 temporis
675 1024 851 1065 florebat.
908 1025 1003 1066 Cum
1029 1025 1125 1065 XIII
1153 1037 1274 1066 annos
1310 1029 1426 1066 natus
1461 1037 1600 1075 essem,

194 1093 310 1140 pater
346 1090 587 1138 carissimus,
626 1091 693 1139 qui
729 1094 821 1130 tunc
849 1089 1042 1129 Nauhemi
1078 1101 1240 1129 munere
1277 1090 1428 1140 publico
1465 1090 1601 1140 funge-

193 1154 331 1203 batur,
362 1157 487 1194 morte
508 1153 602 1193 mihi
620 1157 780 1204 ereptus
800 1158 872 1194 est.
910 1153 1040 1193 Verno
1069 1157 1199 1194 autem
1220 1166 1254 1193 a.
1270 1153 1601 1195 MDCCCLXXII.

192 1220 434 1269 Lipsiensem
450 1220 642 1258 illustrem
670 1219 737 1257 inii
757 1218 1009 1267 disciplinam,
1038 1218 1103 1257 ubi
1123 1230 1185 1257 me
1206 1219 1421 1257 docuerunt
1440 1218 1602 1266 Ritschl,

5 1315 7 1319 .
194 1284 240 1323 G.
271 1283 441 1331 Curtius,
469 1283 614 1332 Lange,
644 1282 882 1331 Brockhaus,
911 1282 1153 1322 Hildebrand
1180 1282 1376 1331 philologi,
1412 1282 1604 1322 Drobisch

0 1333 69 1385 i«-
95 1376 97 1379 .
194 1346 458 1396 philosophus,
487 1347 616 1396 Voigt,
646 1346 907 1385 Biedermann
934 1345 1120 1385 historici.
1176 1346 1231 1385 Ut
1259 1345 1602 1385 exercitationibus

13 1414 16 1417 ’
193 1411 403 1452 historicae
450 1410 647 1451 societatis
692 1410 925 1451 interessem
969 1410 1135 1460 benigne
1178 1411 1367 1450 concessit
1396 1410 1441 1450 G.
1472 1409 1601 1460 Voigt‚

193 1480 238 1516 ut
265 1476 540 1526 proseminarii
566 1475 788 1525 philologici
817 1476 862 1517 G.
889 1475 1046 1515 Curtius
1075 1479 1116 1515 et
1144 1476 1184 1514 L.
1208 1476 1352 1524 Lange.
1409 1475 1506 1514 Cum
1534 1476 1602 1515 de-

185 1540 284 1594 inde
298 1552 419 1580 verno
435 1552 470 1580 a.
486 1540 818 1580 MDCCOLXXIV
833 1540 1007 1579 Bonnam
1023 1538 1221 1589 profectus
1245 1551 1383 1588 essem,
1412 1540 1600 1591 Bernays,

193 1604 434 1653 Heimsoeth,
464 1604 618 1644 Usener
645 1604 841 1653 philologi,
873 1603 1058 1644 Schaefer
1086 1603 1292 1643 historicus
1329 1615 1391 1644 me
1419 1605 1601 1645 institue-

192 1672 296 1709 runt.
352 1669 397 1707 In
418 1669 666 1708 seminarium
687 1668 913 1707 historicum
934 1671 978 1707 ut
996 1669 1196 1718 reciperer
1214 1668 1425 1718 Schaeferi‚
1456 1669 1600 1719 Sybeli‚

194 1733 340 1773 Ritteri
375 1733 518 1782 insigni
554 1733 827 1772 benevolentia
868 1732 1013 1772 factum
1055 1736 1126 1772 est.
1184 1733 1400 1773 Praeterea
1440 1733 1602 1773 interfui

194 1796 537 1837 exercitationibus
557 1797 828 1847 proseminarii
848 1797 1079 1847 philologici,
1110 1797 1211 1847 quod
1231 1797 1326 1837 mihi
1342 1810 1415 1848 per
1433 1798 1603 1839 Useneri

193 1861 506 1902 benevolentiam
524 1861 644 1900 licuit.
690 1861 836 1901 Ultimo
862 1862 1030 1911 denique
1049 1865 1226 1911 tempore
1242 1861 1456 1913 Gottingae
1477 1863 1601 1912 Saup-

193 1925 248 1975 pii
284 1928 325 1964 et
351 1924 533 1965 Muelleri
568 1925 814 1965 institutione
843 1925 1011 1974 fructus,
1054 1930 1099 1965 ut
1137 1926 1307 1967 doctoris
1333 1926 1601 1978 philosophiae

193 1989 358 2039 gradum
386 1989 624 2039 adipiscerer
651 1990 691 2028 in
720 1990 832 2030 domo
862 1990 999 2031 matris
1026 1990 1154 2031 literis
1183 1991 1273 2032 dedi
1301 2003 1461 2042 operam
1482 1995 1601 2043 atque

195 2053 510 2093 dissertationem
537 2065 664 2093 meam
693 2055 742 2093 ad
770 2054 887 2094 finem
914 2055 1090 2106 perduxi.
1146 2055 1262 2096 Viros
1279 2059 1423 2104 autem,
1453 2057 1519 2106 qui
1538 2067 1601 2096 me

198 2118 415 2159 docuerunt
451 2122 570 2169 atque
613 2118 758 2168 optime
800 2119 849 2159 de
886 2131 949 2159 me
985 2120 1116 2160 meriti
1155 2123 1266 2169 sunt,
1308 2132 1506 2170 nunquam
1534 2120 1603 2161 fiet

198 2182 291 2232 quin
318 2186 432 2232 grato
461 2183 589 2223 animo
618 2194 773 2232 semper
800 2182 933 2223 colam.
